<html style="--ths-vh: 10.83px; --vh: 10.83px;" lang="de"><head><title>Obst &amp; Gemüse online kaufen | Garantierte Frische - REWE.de</title><meta charset="utf-8"><meta name="description" content="Obst &amp; Gemüse bequem online kaufen » Bestellen &amp; Schleppen sparen ✔ Abholen &amp; Zeit sparen ✔ Große Auswahl ► Jetzt entdecken!"><meta name="keywords" content="Obst &amp; Gemüse"><meta name="robots" content="index, follow"><meta name="viewport" content="width=device-width"><link meso-options="place-in-header" rel="canonical" href="https://shop.rewe.de/c/obst-gemuese/"><meta name="next-head-count" content="7"><meta name="theme-color" content="cc071e"><meta http-equiv="x-dns-prefetch-control" content="on"><script async="" src="//assets.adobedtm.com/launch-EN3bc461a78fce46f2b568b3b2b949fb68.min.js"></script><script>performance.mark("@REWE_HEAD_start");</script><link href="//shop.rewe-static.de" rel="preconnect"><link href="//img.rewe-static.de" rel="preconnect"><link href="https://shop.rewe-static.de/rewe-duc-base/ad419088da98019d0c3299a9c8e73bef911fd9f1/fonts/src/FiraSans-Regular.woff2" rel="preload" as="font" type="font/woff2" crossorigin=""><link href="https://shop.rewe-static.de/rewe-duc-base/ad419088da98019d0c3299a9c8e73bef911fd9f1/fonts/src/FiraSans-Medium.woff2" rel="preload" as="font" type="font/woff2" crossorigin=""><link href="https://shop.rewe-static.de/rewe-duc-base/ad419088da98019d0c3299a9c8e73bef911fd9f1/fonts/src/UnitRoundedWeb-Bold.woff" rel="preload" as="font" type="font/woff" crossorigin=""><link href="https://shop.rewe-static.de/rewe-duc-base/ad419088da98019d0c3299a9c8e73bef911fd9f1/fonts/src/UnitRoundedWeb-Medi.woff" rel="preload" as="font" type="font/woff" crossorigin=""><link href="https://shop.rewe-static.de/rewe-duc-base/ad419088da98019d0c3299a9c8e73bef911fd9f1/fonts/src/UnitRoundedWeb.woff" rel="preload" as="font" type="font/woff" crossorigin=""><link href="https://shop.rewe-static.de/productlist-renderer/07861ed3f974136a5183dbb2f012de5fb510cb1b/_next/static/css/664bbb183b6a3f6d.css" rel="preload" as="style"><link href="https://shop.rewe-static.de/productlist-renderer/07861ed3f974136a5183dbb2f012de5fb510cb1b/_next/static/css/a7e8baae2d688d34.css" rel="preload" as="style"><link href="https://shop.rewe.de/c/obst-gemuese/" rel="canonical" meso-options="place-in-header"><link href="https://shop.rewe-static.de/productlist-renderer/07861ed3f974136a5183dbb2f012de5fb510cb1b/_next/static/css/a7e8baae2d688d34.css" rel="stylesheet" data-n-g=""><link href="https://shop.rewe-static.de/productlist-renderer/07861ed3f974136a5183dbb2f012de5fb510cb1b/_next/static/css/664bbb183b6a3f6d.css" rel="stylesheet" data-n-p=""><link href="https://shop.rewe-static.de/rewe-duc-base/ad419088da98019d0c3299a9c8e73bef911fd9f1/fonts/fonts.min.css" rel="stylesheet" media="all"><link href="https://shop.rewe-static.de/head/fc29215c27eea6390809ae58afa7b2a60c58a49c/dist/shop-header-bundle.css" rel="stylesheet" type="text/css"><link href="https://shop.rewe-static.de/rewe-basket/7a7ad2b32/addToBasketButtonV2Bundle-style.css" rel="stylesheet"><link href="https://shop.rewe-static.de/rewe-basket/7a7ad2b32/bubble-style.css" rel="stylesheet"><link href="https://shop.rewe-static.de/product-details-renderer/a35d174/css/product-service-bundle.css" rel="stylesheet" type="text/css"><link href="https://shop.rewe-static.de/product-details-renderer/a35d174/css/product-tile-bundle.css" rel="stylesheet" type="text/css"><link href="/manifest.json" rel="manifest"><link href="https://shop.rewe-static.de/rewe-duc-base/ad419088da98019d0c3299a9c8e73bef911fd9f1/normalize.min.css" rel="stylesheet" crossorigin=""><link href="https://shop.rewe-static.de/design-system/dist/prod/assets/tokens.css" rel="stylesheet" crossorigin=""><link href="https://shop.rewe-static.de/rewe-basket/7a7ad2b32/basketLinkBundle-style.css" rel="stylesheet"><link href="https://shop.rewe-static.de/mcfe/assets/mobileheaderbutton.e6af0a78029332e8a4d8.css" rel="stylesheet"><link href="https://shop.rewe-static.de/timeslot-service/2-6720/timeslots-button.css" rel="stylesheet" type="text/css" media="all"><link href="https://shop.rewe-static.de/login-frontend/880ba6a6dd77e2496d198ca6c0a0d99ed0eff400/assets/css/mobileLoginStatus.min.css" rel="stylesheet"><link href="https://shop.rewe-static.de/mmds/b2bffc5c0d94d256d44a403666ab7368b98ec7c0/logo.css" rel="stylesheet"><link href="https://shop.rewe-static.de/mcfe/assets/headerbutton.41d0ff7c3ce2248d7ab3.css" rel="stylesheet"><link href="https://shop.rewe-static.de/login-frontend/880ba6a6dd77e2496d198ca6c0a0d99ed0eff400/assets/css/desktopLoginStatus.min.css" rel="stylesheet"><link href="https://shop.rewe-static.de/mcfe/assets/headerlink.1bd786ed3e3c67e21365.css" rel="stylesheet"><link href="https://shop.rewe-static.de/suggestions-renderer/834a48c570b5d1d02a1e6b1541513eefc9b8624e/suggestions-renderer.css" rel="stylesheet"><link href="https://shop.rewe-static.de/rewe-navigation-service/894d2b5fcc5217d6624ab3a8367bca41f11f2523/css/navigation/navigationNoSvelteCss.min.css" rel="stylesheet"><link href="https://shop.rewe-static.de/rewe-navigation-service/894d2b5fcc5217d6624ab3a8367bca41f11f2523/css/navigation/navigation.min.css" rel="stylesheet"><link href="https://shop.rewe-static.de/timeslot-service/2-6720/timeslots-popup.css" rel="stylesheet" type="text/css" media="all"><link href="https://shop.rewe-static.de/timeslot-service/2-6720/components.css" rel="stylesheet" type="text/css" media="all"><link href="https://shop.rewe-static.de/rewe-basket/7a7ad2b32/addToBasketButtonBundle-style.css" rel="stylesheet"><link href="https://shop.rewe-static.de/rewe-myproducts/1460f8b0a79573560094733389e74ebb95f3137b/css/FavoritesOverlordManager.min.css" rel="stylesheet" type="text/css"><link href="https://shop.rewe-static.de/rewe-footer/ca6e228bc8c6e4ac307b7eec570389745e3b877f/rewe-footer.css" rel="stylesheet" media="all" onload="this.media='all'; this.onload=null;"><link href="https://shop.rewe-static.de/content-newsletter-registration/static/css/teaser.ea661bc2.css" rel="stylesheet" media="all" onload="this.media='all'; this.onload=null;"><link href="https://shop.rewe-static.de/content-linklist/af7050b3ea177917f5cb94637b602560255df732/css/linklist.css" rel="stylesheet"><link href="https://shop.rewe-static.de/content-newsletter-registration/static/css/overlay.7b51b83f.css" rel="stylesheet" media="all" onload="this.media='all'; this.onload=null;"><script src="https://shop.rewe-static.de/rewe-duc-base/ad419088da98019d0c3299a9c8e73bef911fd9f1/libs/react-with-dom.min.js"></script><script src="https://shop.rewe-static.de/rewe-duc-base/ad419088da98019d0c3299a9c8e73bef911fd9f1/libs/xrd.min.js"></script><script src="https://shop.rewe-static.de/mcfe/assets/prod.e96c41f15a22cd36b8ce.js"></script><script src="https://shop.rewe-static.de/product-details-renderer/a35d174/js/product-service-bundle.js"></script><script src="https://shop.rewe-static.de/product-details-renderer/a35d174/js/product-tile-bundle.js"></script><script src="https://shop.rewe-static.de/rewe-duc-base/ad419088da98019d0c3299a9c8e73bef911fd9f1/libs/plugins.min.js"></script><script src="https://shop.rewe-static.de/rewe-basket/7a7ad2b32/addToBasketButtonV2Bundle.js"></script><script src="https://shop.rewe-static.de/rewe-basket/7a7ad2b32/addToBasketButtonBundle.js"></script><noscript data-n-css=""></noscript><script>performance.mark("@REWE_HEAD_end");performance.measure("@REWE_HEAD_duration", "@REWE_HEAD_start", "@REWE_HEAD_end");</script><script src="https://assets.adobedtm.com/extensions/EP40e3bec801244c59a61bf06eb622a63c/AppMeasurement.min.js" async=""></script><script src="https://assets.adobedtm.com/extensions/EP40e3bec801244c59a61bf06eb622a63c/AppMeasurement_Module_ActivityMap.min.js" async=""></script><script src="https://assets.adobedtm.com/8665cc68f8ef/86982b35bd62/ce605d1f1806/RC34cf4c4dd26046baab741249c7a106ac-source.min.js" async=""></script><script src="https://assets.adobedtm.com/8665cc68f8ef/86982b35bd62/ce605d1f1806/RCdf4f4723e53749c9be9de6c692db0b63-source.min.js" async=""></script><link rel="stylesheet" href="https://shop.rewe-static.de/rewe-basket/7a7ad2b32/addToBasketButtonV2Bundle-style.css"><script src="https://shop.rewe-static.de/rewe-basket/7a7ad2b32/addToBasketButtonV2Bundle.js" type="text/javascript"></script><link rel="stylesheet" href="https://shop.rewe-static.de/rewe-basket/7a7ad2b32/addToBasketButtonV2Bundle-style.css"><script src="https://shop.rewe-static.de/rewe-basket/7a7ad2b32/addToBasketButtonV2Bundle.js" type="text/javascript"></script></head><body>
<script>
		(function (XRD) {
			function ready(callback) {
				if (window.addEventListener) window.addEventListener("load", callback, false);
				else if (window.attachEvent) window.attachEvent("onload", callback);
				else XRD.logging.getLogger("duc-tracking-api").warn("did not identify any source of onload event.");
			}

			var contextData = {"user":{"id":"","status":"guest","postcode":"12203","intention":"abholservice"},"reweMarket":{"id":"565297","chosenService":"abholservice","city":""},"page":{"variant":"tc105_c"}};
			if(typeof XRD !== "undefined"){
				XRD._initAt = "2022-10-09 08:22:04.843797318 +0000 UTC";
				XRD.trackingOptOut = false;
				XRD.tracking = new XRD.Tracking("DFi2mPT");
				XRD.tracking.init("prod", contextData);
				ready(function(){ XRD.tracking.race(23);});
				XRD.contextData = contextData;
			} else {
				console.warn("window.XRD is missing, tracking related actions will not run.");
			}
			
		}(window.XRD));
	</script><script>window.__abTestgroups = "abholservice-reloaded, ini-3678-dismantling-marketplace, ini-3812-hide-regular-price, mengenrabattierung, mobile-payback-apiKey, new-navigation-tracking, offer-details-tracking, payback-card-change, payback-ecoupon-api, payback-evoucher, payback-rewe-newsletter, payback-targeted-bonus-coupon, payback-targeted-burn, payback-voucher-wall, productlist-citrusad, productlist-funneling-zero-results-parcel-check, productlist-gam, productlist-navigation-tracking, productlist-new-deals-page, rewe-sso, wookiees-pickup-page";</script>
<script>
		function readConsentSettingCookie(cookie) {
			let consentSettings = '{}';
			const parts = ('; ' + cookie).split('; consentSettings=');
			if (parts.length === 2) {
				const element = parts.pop();
				if (!!element) {
					const value = element.split(';').shift();
					if (!!value) {
						consentSettings = value;
					}
				}
			}
			return consentSettings;
		}
		const consentSettings = readConsentSettingCookie(document.cookie);
		window.cmpConsent = JSON.parse(decodeURIComponent(consentSettings));
	</script><script id="basketStateInitialize">
        if (!window.ReweBasket) {
            window.ReweBasket = {};
        }

        window.ReweBasket.listingIdToQuantityLookup = {
        };

        window.ReweBasket.articlePrice = 0;
        window.ReweBasket.reweArticlePrice = 0;
        window.ReweBasket.minimumOrderAmount = 0;
        window.ReweBasket.assetsUrl = 'https://shop.rewe-static.de/rewe-basket/7a7ad2b32';
        window.ReweBasket.id = '';
        window.ReweBasket.version = 0;
        window.ReweBasket.customerUuid = '';
        window.ReweBasket.zipCode = '12203';
        window.ReweBasket.marketCode = '';
        window.ReweBasket.serviceTypes = [];
        window.ReweBasket.sessionMarketInformation = {
          marketCode: '565297',
          zipCode: '12203',
          serviceTypes: ["PICKUP"]
        };
    </script><script src="https://shop.rewe-static.de/rewe-basket/7a7ad2b32/basketStateRepositoryBundle.js" meso-options="dont-move"></script><div id="xrd-tracking-event" data-track="event"></div>
<script>
	if (window.XRD && window.XRD.tracking) {
		XRD.tracking.extendPageData({"user":{"u1":"nl","u2":"nl"}});
	}
    </script><script>if (typeof XRD !== 'undefined' && XRD.tracking) {
            XRD.tracking.extendPageData({user: {"u3":"nl"}});
        }</script><script>if (window.top !== window) XRD.logging.getLogger("iframe-detection").warn("Accessing " + window.location.href + " via 7a765d41-fc08-4f42-befb-cf710b9a25e8");</script><script meso-options="place-in-header">XRD.performance.measurePerformanceMetrics("L2MvOmNhdGVnb3J5U2x1Zw==", "shop");</script><div id="__next" data-reactroot=""><div><div></div><div></div><div><header class="ths-wrapper ths-qa-header ths-js-wrapper" id="header-service"><script>
    if (performance && typeof performance.mark === 'function') {
        performance.mark('@REWE_HEADER_start');
    }
</script><div class="ths-cookie-notification__overlay ths-js-cookie-notification-overlay"></div><div class="ths-cookie-notification ths-js-cookie-notification"><div class="ths-cookie-notification__wrapper"><p class="ths-cookie-notification__header"> Lieber Kunde, <br> bitte beachten Sie folgenden wichtigen Hinweis:
</p><p class="ths-cookie-notification__body"> Um alle Services nutzen zu können, aktivieren Sie bitte Cookies in Ihren Browser-Einstellungen. <br> Nach dem Aktivieren von Cookies klicken Sie bitte <a href="#" class="ths-cookie-notification__confirm-trigger ths-js-cookie-notification-confirm-trigger">hier</a>.
</p></div></div><div class="ths-content ths-qa-header-content"><div class="ths-header-navigation-wrapper"><div class="ths-mobile-header ths-mobile-header--full"><a href="/" class="ths-mobile-header__logo ths-qa-mobile-header-logo" title="Zur Startseite"><svg xmlns="http://www.w3.org/2000/svg" width="136" height="36" viewBox="0 0 136 36"><path d="M7.913 35.75c2.005 0 2.954-.945 2.954-2.89V22.24h.106l6.224 10.672c1.16 2 2.163 2.84 3.957 2.84h6.278c1.53 0 2.795-.58 2.795-1.79 0-.472-.21-1.05-.633-1.733l-7.702-11.357c4.96-1.84 7.122-5.364 7.122-9.57C29.014 4.205 24.794 0 13.716 0H2.9C.95 0 0 .946 0 2.944V32.86c0 1.945.95 2.89 2.9 2.89h5.013zm2.954-20.083V8.202h2.32c3.114 0 4.432 1.313 4.432 3.732 0 2.42-1.32 3.733-4.432 3.733h-2.32zm45.79 20.084c2.004 0 2.953-.945 2.953-2.89v-2.577c0-1.997-.95-2.944-2.954-2.944H44.84v-5.363h8.65c2.006 0 2.955-.947 2.955-2.893v-2.576c0-1.998-.95-2.944-2.954-2.944h-8.65V8.41h10.234c2.005 0 2.954-.944 2.954-2.89V2.944C58.028.946 57.078 0 55.074 0h-18.41C34.71 0 33.76.946 33.76 2.944V32.86c0 1.945.95 2.89 2.9 2.89h19.994zM89.784 2.84C89.363.84 88.36 0 86.145 0H81.66c-2.214 0-3.217.84-3.64 2.84L74.434 20.4h-.105l-2.9-17.56C71.11.84 70.107 0 67.787 0H63.46c-1.793 0-2.794.788-2.794 2.366 0 .315.052.735.157 1.156l6.91 29.337c.476 1.945 1.426 2.89 3.905 2.89h4.325c2.216 0 3.218-.84 3.64-2.838l3.957-19.19h.106l3.956 19.19c.422 2 1.424 2.84 3.64 2.84h4.325c2.48 0 3.43-.947 3.905-2.893l6.91-29.338c.106-.42.157-.84.157-1.156C106.56.788 105.503 0 103.763 0h-3.692c-2.322 0-3.323.84-3.64 2.84L93.53 20.4h-.105l-3.64-17.56zm42.307 32.91c2.005 0 2.953-.945 2.953-2.89v-2.577c0-1.997-.948-2.944-2.953-2.944h-11.816v-5.363h8.65c2.006 0 2.954-.947 2.954-2.893v-2.576c0-1.998-.948-2.944-2.953-2.944h-8.65V8.41h10.233c2.004 0 2.954-.944 2.954-2.89V2.944c0-1.998-.95-2.944-2.954-2.944H112.1c-1.953 0-2.902.946-2.902 2.944V32.86c0 1.945.95 2.89 2.9 2.89h19.994z" fill="#FFF" fill-rule="evenodd"></path></svg></a><div class="ths-mobile-header__menu"><div class="ths-mobile-navigation"><div class="ths-mobile-navigation__item ths-mobile-navigation__item--shoppinglist ths-qa-mobile-shopping-list-wrapper"><button class="ths-mobile-navigation__action ths-qa-favorites-button-mobile" onclick="document.getElementById('shopping-list-header-button-prg-redirect-form').submit();"><span class="ths-visible-sr">Favoriten anzeigen</span><svg xmlns="http://www.w3.org/2000/svg" class="ths-icon ths-icon--heart" aria-hidden="true" viewBox="0 0 32 32"><path d="M25.136 13.758A3.798 3.798 0 0026 11.324c0-2.187-1.853-3.99-4.153-3.99-.873 0-1.696.25-2.386.72-.23.156-.502.386-.809.69-.208.207-.589.633-1.118 1.257l-1.507 1.774-1.527-1.757c-.502-.578-.889-1-1.148-1.257-.364-.359-.669-.614-.898-.761a4.222 4.222 0 00-2.304-.667C7.853 7.333 6 9.138 6 11.323c0 .906.301 1.749.846 2.415.079.092 1.828 2.048 5.059 5.657l3.5 3.909.603.673 9.128-10.219zM16.01 8.706c.874-1.077 1.65-1.846 2.326-2.306a6.226 6.226 0 013.511-1.067c3.39 0 6.153 2.686 6.153 5.99a5.81 5.81 0 01-1.318 3.705l-.026.03-10.185 11.403a.621.621 0 01-.923.001l-.23-.258-1.403-1.566-3.5-3.91c-3.178-3.549-4.99-5.574-5.089-5.69A5.814 5.814 0 014 11.324c-.001-3.304 2.761-5.99 6.15-5.99a6.23 6.23 0 013.388.985c.66.426 1.484 1.221 2.472 2.387z"></path></svg></button></div><div class="ths-mobile-navigation__item ths-mobile-navigation__item--basket"><form class="bsButtonLinkForm" method="post" action="/api/prg"><input type="hidden" name="redirectUrl" value="L2NoZWNrb3V0L2Jhc2tldA=="><button type="submit" class="basket-link-mobile basket_ripple" rel="nofollow" id="rs-qa-basket-triggerMobil" data-basket-link="" data-header-zip-code="12203" data-has-market-in-header="true" data-basket-service-types="" data-basket-market-code="" data-basket-zip-code=""><span class="basket-link-ripple"></span><span class="basket-link_icon"><span class="basket-link_icon--amount" data-basket-link-amount="">0</span><img class="basket-link_icon--icon_empty" src="https://shop.rewe-static.de/rewe-basket/7a7ad2b32/images/basket-link-mobile.svg" alt="empty basket"><img class="basket-link_icon--icon_filled" src="https://shop.rewe-static.de/rewe-basket/7a7ad2b32/images/basket-link-active.svg" alt="filled basket"></span></button></form></div><div class="ths-mobile-navigation__item"><button class="ths-mobile-navigation__action ths-mobile-navigation__submenu-trigger ths-qa-mobile-menu-trigger"><span class="ths-visible-sr">Navigation öffnen</span><svg xmlns="http://www.w3.org/2000/svg" class="ths-icon ths-icon--silhouette" aria-hidden="true" viewBox="0 0 24 24"><path d="M6.75 18.75a.75.75 0 01-1.5 0c0-3.417 2.747-5.695 6.166-5.74.19-.001.385-.003.584-.003.2 0 .394.002.584.004 3.42.044 6.166 2.322 6.166 5.739a.75.75 0 01-1.5 0c0-2.596-2.087-4.206-4.686-4.24a51.636 51.636 0 00-1.128.001c-2.6.033-4.686 1.643-4.686 4.239zm5.25-8.5c1.08 0 2-.985 2-2.25 0-1.265-.92-2.25-2-2.25S10 6.735 10 8c0 1.265.92 2.25 2 2.25zm0 1.5c-1.933 0-3.5-1.679-3.5-3.75 0-2.071 1.567-3.75 3.5-3.75S15.5 5.929 15.5 8c0 2.071-1.567 3.75-3.5 3.75z"></path></svg><svg xmlns="http://www.w3.org/2000/svg" class="ths-icon ths-icon--triangle" fill-rule="evenodd" aria-hidden="true" viewBox="0 0 24 24"><path d="M7.396.45C6.625-.33 6-.07 6 1.029v21.939c0 1.1.627 1.357 1.396.58L17.419 13.41c.771-.78.77-2.046 0-2.823L7.396.45z"></path></svg></button></div></div></div></div><nav class="ths-menu ths-qa-mobile-menu" id="nav-mobile-secondary"><ul class="ths-menu__list"><li class="ths-menu__item ths-menu__item--supermarket-funnel"><span class="gbmc-mobile-header-button-include  gbmc-mobile-header-button-include--active "><a class="gbmc-mobile-trigger gbmc-qa-mobile-trigger" href="https://shop.rewe.de" title="Du bestellst online und holst selbst ab" id="gbmc-js-mobile-header-button"><div class="gbmc-mobile-header-button-icon-container"><svg xmlns="http://www.w3.org/2000/svg" width="32" height="32" viewBox="0 0 32 32" class="gbmc-mobile-header-button-icon"> <path d="M9.106 11.854L6.92 9.667H5a1 1 0 010-2h2.748l3.07 3.07c.169-.047.345-.07.523-.07h7.824a2 2 0 011.422.593l3.37 3.407h3.376a2 2 0 012 2V20c0 .736-.597 1.333-1.333 1.333h-2.17a3.002 3.002 0 01-5.66 0h-6.34a3.002 3.002 0 01-5.66 0h-.76a2 2 0 01-2-2v-4.666l3.696-2.813zm4.723 7.48h6.342a3 3 0 015.659 0h1.503v-2.667h-4.21l-3.958-4h-7.824L7.41 15.658v3.675h.76a3.004 3.004 0 015.66 0zm-2.829 2a1 1 0 100-2 1 1 0 000 2zm12 0a1 1 0 100-2 1 1 0 000 2z" fill-rule="nonzero"></path> </svg></div><span class="gbmc-mobile-header-button-label">Abholservice <span class="gbmc-mobile-header-button-change">Ändern</span></span><p class="gbmc-mobile-header-button-description">Du bestellst online und holst selbst ab</p></a></span></li><a href="#" class="tss-timeslot-button tss-js-timeslot-button tss-qa-reserve-timeslot-link rs-qa-reserve-timeslot-link tss-js-timeslot-button-header-mobile mobile tss-mobile-timeslot-button" data-servicetype="pickup" data-wwident="565297" data-shopcontext="overview" data-identifier="header-mobile"><div class="tss-qa-reserve-timeslot-link-icon tss-mobile-timeslot-button__icon tss-mobile-timeslot-button__icon--regular"><svg xmlns="http://www.w3.org/2000/svg" viewBox="0 0 32 32" class="tss-icon tss-icon--calendar" aria-hidden="true">
<path d="M24.667 10H7.333v2.333h17.334V10zm-10-2h2.666V6.667a2 2 0 012-2h1.334a2 2 0 012 2V8h2a2 2 0 012 2v14.667a2 2 0 01-2 2H7.333a2 2 0 01-2-2V10a2 2 0 012-2h2V6.667a2 2 0 012-2h1.334a2 2 0 012 2V8zm-2 0V6.667h-1.334V8h1.334zm6.666 0h1.334V6.667h-1.334V8zm-12 6.333v10.334h17.334V14.333H7.333zM11 16.667h10a1 1 0 110 2H11a1 1 0 010-2zm0 4h8a1 1 0 110 2h-8a1 1 0 010-2z" fill-rule="nonzero"></path>
</svg></div><div class="tss-qa-reserve-timeslot-link-icon tss-mobile-timeslot-button__icon tss-mobile-timeslot-button__icon--hover"><svg xmlns="http://www.w3.org/2000/svg" viewBox="0 0 32 32" class="tss-icon tss-icon--calendar-filled" aria-hidden="true">
<path d="M24.667 10H7.333v2.333h17.334V10zm-12-5.333a2 2 0 012 2V8h2.666V6.667a2 2 0 012-2h1.334a2 2 0 012 2V8h2a2 2 0 012 2v14.667a2 2 0 01-2 2H7.333a2 2 0 01-2-2V10a2 2 0 012-2h2V6.667a2 2 0 012-2h1.334zm6.333 16h-8a1 1 0 100 2h8a1 1 0 000-2zm2-4H11a1 1 0 100 2h10a1 1 0 000-2zM12.667 8V6.667h-1.334V8h1.334zm6.666 0h1.334V6.667h-1.334V8z" fill-rule="nonzero"></path>
</svg></div><div class="tss-qa-reserve-timeslot-link-text tss-mobile-timeslot-button__text"><span>Abholtermin <br>wählen</span></div></a><li class="ths-menu__item ths-menu__item--favorites ths-qa-favorites-menu-item"><button class="ths-menu__item-link ths-qa-favorites-menu-mobile" onclick="document.getElementById('shopping-list-header-button-prg-redirect-form').submit();"><span class="ths-menu__item-icon ths-qa-favorites-menu-icon-mobile"><svg xmlns="http://www.w3.org/2000/svg" class="ths-icon ths-icon--heart" aria-hidden="true" viewBox="0 0 32 32"><path d="M25.136 13.758A3.798 3.798 0 0026 11.324c0-2.187-1.853-3.99-4.153-3.99-.873 0-1.696.25-2.386.72-.23.156-.502.386-.809.69-.208.207-.589.633-1.118 1.257l-1.507 1.774-1.527-1.757c-.502-.578-.889-1-1.148-1.257-.364-.359-.669-.614-.898-.761a4.222 4.222 0 00-2.304-.667C7.853 7.333 6 9.138 6 11.323c0 .906.301 1.749.846 2.415.079.092 1.828 2.048 5.059 5.657l3.5 3.909.603.673 9.128-10.219zM16.01 8.706c.874-1.077 1.65-1.846 2.326-2.306a6.226 6.226 0 013.511-1.067c3.39 0 6.153 2.686 6.153 5.99a5.81 5.81 0 01-1.318 3.705l-.026.03-10.185 11.403a.621.621 0 01-.923.001l-.23-.258-1.403-1.566-3.5-3.91c-3.178-3.549-4.99-5.574-5.089-5.69A5.814 5.814 0 014 11.324c-.001-3.304 2.761-5.99 6.15-5.99a6.23 6.23 0 013.388.985c.66.426 1.484 1.221 2.472 2.387z"></path></svg></span><span class="ths-menu__item-text ths-qa-favorites-menu-text-mobile"> Favoriten
</span></button></li><li class="ths-menu__item ths-menu__item--payback"><a href="https://www.rewe.de/payback/" class="ths-menu__item-link ths-qa-payback-link-mobile"><span class="ths-menu__item-icon ths-menu__item-icon--payback"><img class="ths-menu__payback-logo" src="https://shop.rewe-static.de/head/fc29215c27eea6390809ae58afa7b2a60c58a49c/img/payback-logo-icon.svg" alt=""></span><span class="ths-menu__item-text ths-menu__item-text--payback"> Payback
</span></a></li><li class="hls-menu__item hls-menu__item--login"><a href="/mydata/login" class="hls-menu__item-link"><div class="hls-menu__item-icon"><svg xmlns="http://www.w3.org/2000/svg" class="hls-icon" viewBox="0 0 32 32"><path d="M9 25a1 1 0 11-2 0c0-4.56 3.66-7.6 8.22-7.65a60.73 60.73 0 011.56 0C21.34 17.4 25 20.45 25 25a1 1 0 01-2 0c0-3.46-2.78-5.6-6.25-5.65a58.4 58.4 0 00-1.5 0C11.78 19.39 9 21.54 9 25zm7-11.33c1.44 0 2.67-1.32 2.67-3 0-1.69-1.23-3-2.67-3s-2.67 1.31-2.67 3c0 1.68 1.23 3 2.67 3zm0 2c-2.58 0-4.67-2.24-4.67-5 0-2.77 2.1-5 4.67-5s4.67 2.23 4.67 5c0 2.76-2.1 5-4.67 5z"></path></svg></div><span class="hls-menu__item-text">Anmelden</span></a></li><script>window.__INITIAL_MOBILE_LOGIN_STATUS_STATE__= {"isLoggedIn":false,"logoutUrl":"","loginUrl":"\u002Fmydata\u002Flogin","personalDataUrl":"","welcomeMessage":""} </script></ul></nav><div class="ths-header"><a href="/" class="ths-header__homepage-link ths-qa-logo"><img class="mmds-logo rs-qa-logo" src="https://shop.rewe-static.de/mmds/b2bffc5c0d94d256d44a403666ab7368b98ec7c0/rewe-logo.svg" alt="REWE"></a><div class="ths-header__navigation"><nav class="ths-funnel-navigation ths-qa-funnel-navigation"><ul class="ths-funnel-navigation__menu"><li class="ths-funnel-tab"><a class="ths-funnel-tab__link ths-qa-funnel-nav-market-offers" href="https://www.rewe.de/angebote/" title="Märkte &amp; Angebote"><span class="ths-funnel-tab__title">Märkte &amp; Angebote</span><p class="ths-funnel-tab__description">Entdecke Angebote in deinem REWE Markt</p></a></li><li class="ths-funnel-tab ths-funnel-tab--meso ths-funnel-tab--active"><span class="gbmc-header-include gbmc-header-include--padded gbmc-header-include--with-trigger"><a class="gbmc-online-link gbmc-qa-online-link " href="https://shop.rewe.de" title="Du bestellst online und holst selbst ab" data-linktype="exit" data-track-values="['Link%3A+REWE.de', '', 'Link+%28sekund%C3%A4re+Navigation%29', '']" id="gbmc-js-header-button"><span class="gbmc-online-link-label">Abholservice</span><p class="gbmc-online-link-description">Du bestellst online und holst selbst ab</p></a><button class="gbmc-trigger gbmc-qa-trigger">ändern</button></span></li><li class="ths-funnel-tab"><a class="ths-funnel-tab__link ths-qa-funnel-nav-recipes" href="https://www.rewe.de/rezepte-ernaehrung/" title="Entdecke unsere Rezeptvielfalt"><span class="ths-funnel-tab__title">Rezepte &amp; Ernährung</span><p class="ths-funnel-tab__description">Rezepte und Kochtipps in der Rezeptwelt von REWE.de</p></a></li></ul></nav><ul class="ths-user-navigation ths-qa-user-navigation"><li class="ths-user-navigation__item ths-user-navigation__item--home"><a href="https://www.rewe.de" class="ths-navigation-link ths-qa-rewe-link"><svg xmlns="http://www.w3.org/2000/svg" class="ths-icon ths-icon--home" aria-hidden="true" viewBox="0 0 24 24"><path d="M12.732 3.914l8.1 5.85a.75.75 0 01-.879 1.216L19 10.29v8.21h1.25a.75.75 0 010 1.5H3.75a.75.75 0 010-1.5H5v-8.209l-.953.688a.75.75 0 11-.878-1.216l8.1-5.85a1.25 1.25 0 011.463 0zM12 5.235L6.5 9.208V18.5h2.75v-4a1.5 1.5 0 011.5-1.5h2.5a1.5 1.5 0 011.5 1.5v4h2.75V9.208L12 5.235zm1.25 9.265h-2.5v4h2.5v-4z"></path></svg><span class="ths-navigation-link__text">rewe.de</span></a></li><li class="hls-user-navigation__item hls-user-navigation__item--login hls-user-navigation__item--shared-header"><a href="/mydata/login" class="hls-navigation-link hls-navigation-link--login hls-qa-login-link"><svg xmlns="http://www.w3.org/2000/svg" class="hls-icon" viewBox="0 0 32 32"><path d="M9 25a1 1 0 11-2 0c0-4.56 3.66-7.6 8.22-7.65a60.73 60.73 0 011.56 0C21.34 17.4 25 20.45 25 25a1 1 0 01-2 0c0-3.46-2.78-5.6-6.25-5.65a58.4 58.4 0 00-1.5 0C11.78 19.39 9 21.54 9 25zm7-11.33c1.44 0 2.67-1.32 2.67-3 0-1.69-1.23-3-2.67-3s-2.67 1.31-2.67 3c0 1.68 1.23 3 2.67 3zm0 2c-2.58 0-4.67-2.24-4.67-5 0-2.77 2.1-5 4.67-5s4.67 2.23 4.67 5c0 2.76-2.1 5-4.67 5z"></path></svg><span class="hls-navigation-link__text">Anmelden</span></a></li><script>window.__INITIAL_DESKTOP_LOGIN_STATUS_STATE__ = {"isLoggedIn":false,"logoutUrl":"","loginUrl":"\u002Fmydata\u002Flogin","personalDataUrl":"","welcomeMessage":""} </script><li class="ths-user-navigation__item ths-user-navigation__item--market-chooser"><button class="gbmc-header-link gbmc-header-link--shared-header gbmc-header-link-qa rs-qa-market-selector-link" id="gbmc-js-header-link"><svg xmlns="http://www.w3.org/2000/svg" width="24" height="24" viewBox="0 0 24 24" class="gbmc-header-link__icon gbmc-header-link__icon--geolocation" fill-rule="nonzero"><path d="M5 10a7 7 0 1112.966 3.663l-5.314 7.573c-.085.107-.085.107-.192.192a.8.8 0 01-1.115-.192l-5.31-7.57A6.983 6.983 0 015 10zm11.428 3.3l.26-.423A5.5 5.5 0 106.5 10c0 1.033.284 2.02.813 2.88l.22.356 4.424 6.313a.05.05 0 00.07.012.043.043 0 00.011-.012l4.39-6.248zM12 10.95a1.451 1.451 0 000-2.9 1.451 1.451 0 000 2.9zm0 1.55a3 3 0 110-6 3 3 0 010 6z"></path></svg><span class="gbmc-header-link__text gbmc-customer-zipcode-qa rs-qa-customer-zip">PLZ 12203</span></button></li><li class="ths-user-navigation__item ths-user-navigation__item--payback ths-payback"><a href="https://www.rewe.de/payback/" class="ths-payback__link ths-qa-payback-link"><img src="https://shop.rewe-static.de/head/fc29215c27eea6390809ae58afa7b2a60c58a49c/img/payback-logo.svg" alt="Payback" class="ths-payback__logo"></a></li></ul></div></div></div><div class="ths-shopping-interactions"><div class="ths-shopping-interactions__content"><div class="ths-search ths-qa-search"><textarea id="rsss-search-suggestions__add-to-basket-template" style="display: none">&lt;meso-data id="963e77da-87fc-423c-b227-fdb55abd4bb5" data-context="default" data-listingid="" data-productid="" data-amount="1"&gt;&lt;div class="AddToBasketButtonMediumFav"&gt;&lt;div class="addToBasketButtonApp__addToBasketContainer___5OixX MediumFav addToBasketButtonApp__responsiveRow___f0HzY" data-reactroot=""&gt;&lt;div class="addToBasketButtonApp__mesoContainer___o8nX1"&gt;&lt;div&gt;&lt;div class="lrms-favorite-button-container"&gt;&lt;/div&gt;&lt;script type="application/json" class="favoritebutton-propstore"&gt;{"additionalUiData":{"assetBaseUrl":"https://shop.rewe-static.de/rewe-myproducts/1460f8b0a79573560094733389e74ebb95f3137b","staticAssetBaseUrl":"https://shop.rewe-static.de/rewe-myproducts","favoritesBaseUrl":"/api/favorites","anonymousFavoritesBaseUrl":"/api/anonymousfavorites"},"testgroups":["MENGENRABATTIERUNG","HIDE_REGULAR_PRICE"],"togglz":[]}&lt;/script&gt;&lt;!-- //NOSONAR --&gt;&lt;!-- //NOSONAR --&gt;&lt;/div&gt;&lt;/div&gt;&lt;div class="addToBasketButtonApp__amountHandlerContainer___TeDio"&gt;&lt;div class="AmountHandler__controls___PWME- AmountHandler__responsive___Wl1gt"&gt;&lt;div class="AmountHandler__inputGroup___HGR1Y"&gt;&lt;button class="rs-qa-amounthandler-decrease AmountHandler__button___MDdJF rippleEffect__basket_ripple___JPPQT AmountHandler__responsive___Wl1gt" disabled="" data-testid="rs-qa-amounthandler-decrease"&gt;&lt;span class="AmountHandler__active___PYOgx AmountHandler__icon___Tc7Ct AmountHandler__minIcon___TLnP+"&gt;&lt;svg width="580" height="580" viewBox="0 0 580 580" xmlns="http://www.w3.org/2000/svg"&gt;&lt;path d="M435.06 265.87H145.02c-8.343 0-15.106 6.763-15.106 15.106s6.763 15.106 15.106 15.106h290.04c8.343 0 15.106-6.763 15.106-15.106s-6.763-15.106-15.106-15.106z" fill-rule="nonzero"/&gt;&lt;/svg&gt;&lt;/span&gt;&lt;/button&gt;&lt;/div&gt;&lt;div class="AmountHandler__inputGroup___HGR1Y"&gt;&lt;input type="text" pattern="[0-9]*" class="rs-qa-amounthandler-input AmountHandler__amount___ZbcVa AmountHandler__responsive___Wl1gt" name="quantity" value="1" autoComplete="off" data-testid="rs-qa-amounthandler-input"/&gt;&lt;/div&gt;&lt;div class="AmountHandler__inputGroup___HGR1Y"&gt;&lt;button class="rs-qa-amounthandler-increase AmountHandler__button___MDdJF AmountHandler__active___PYOgx rippleEffect__basket_ripple___JPPQT AmountHandler__responsive___Wl1gt" data-testid="rs-qa-amounthandler-increase"&gt;&lt;span class="AmountHandler__active___PYOgx AmountHandler__icon___Tc7Ct AmountHandler__plusIcon___5vUGg"&gt;&lt;svg width="580" height="580" viewBox="0 0 580 580" xmlns="http://www.w3.org/2000/svg"&gt;&lt;path d="M305.146 305.146H435.06c8.343 0 15.106-6.763 15.106-15.106s-6.763-15.106-15.106-15.106H305.146V155.379c0-8.343-6.763-15.107-15.106-15.107s-15.106 6.764-15.106 15.107v119.555H145.02c-8.343 0-15.106 6.763-15.106 15.106s6.763 15.106 15.106 15.106h129.914V445.42c0 8.343 6.763 15.106 15.106 15.106s15.106-6.763 15.106-15.106V305.146z" fill-rule="nonzero"/&gt;&lt;/svg&gt;&lt;/span&gt;&lt;/button&gt;&lt;/div&gt;&lt;/div&gt;&lt;/div&gt;&lt;div class="addToBasketButtonApp__buttonContainer___A40id addToBasketButtonApp__withFav___NdPjQ"&gt;&lt;div class="AddToBasketComponent__addToBasketWrapper___GmezJ"&gt;&lt;button class="rs-qa-add-to-basket rippleEffect__basket_ripple___JPPQT Buttons__btn___a3PCV Buttons__btnButton___PDJJR Buttons__red___ZfAi3 Buttons__addToBasketButton___UeckX Buttons__responsive___hYsGI" id="" data-testid="rs-qa-add-to-basket-button"&gt;&lt;img src="data:image/svg+xml;base64,PHN2ZyB4bWxucz0iaHR0cDovL3d3dy53My5vcmcvMjAwMC9zdmciIHZpZXdCb3g9Ii0zMTAgMjMyIDE5IDE3Ij48cGF0aCBkPSJNLTMwNy4xIDIzM2wuNSAxLjVoMTQuOGMuMyAwIC42LjMuNS42bC0yIDcuN2MtLjEuMi0uMy40LS41LjRoLTEwLjljLS4yIDAtLjQtLjEtLjUtLjRsLTIuNy05LjNoLTEuMmMtLjMgMC0uNS0uMi0uNS0uNXMuMi0uNS41LS41aDEuNmMuMi4xLjMuMy40LjV6bTEzLjIgNy43aC0xMWwuNSAxLjZoMTAuMWwuNC0xLjZ6bTEtMy43bC40LTEuNWgtMTMuOGwuNCAxLjVoMTN6bS0uMyAxaC0xMi40bC41IDEuNmgxMS41bC40LTEuNnptLTguNCA4LjVjMCAxLjEtLjkgMi0xLjkgMnMtMS45LS45LTEuOS0yIC45LTIgMS45LTIgMS45IDEgMS45IDJ6bS0xIDBjMC0uNS0uNC0xLS45LTFzLS45LjQtLjkgMSAuNCAxIC45IDEgLjktLjQuOS0xem05LjQgMGMwIDEuMS0uOSAyLTEuOSAycy0xLjktLjktMS45LTIgLjktMiAxLjktMiAxLjkgMSAxLjkgMnptLTEgMGMwLS41LS40LTEtLjktMXMtLjkuNC0uOSAxIC40IDEgLjkgMWMuNCAwIC45LS40LjktMXoiIGZpbGw9IiNmZmYiLz48L3N2Zz4=" class="Buttons__icon___Er6IM"/&gt;&lt;/button&gt;&lt;/div&gt;&lt;/div&gt;&lt;/div&gt;&lt;/div&gt;&lt;script id="addToBasket_toBeRemoved"&gt;
                    (function() {
                        internalRenderAddToBasketButtons("http://rewe-myproducts/ui/favorite-button");
                        document.getElementById("addToBasket_toBeRemoved").outerHTML = '';
                    }());
                &lt;/script&gt;&lt;/meso-data&gt;</textarea><div class="rsss-search-suggestions suggestions default" data-environment="prod" data-market-id="565297" data-service-types="PICKUP" data-test-groups="abholservice-reloaded, ini-3678-dismantling-marketplace, ini-3812-hide-regular-price, mengenrabattierung, mobile-payback-apiKey, new-navigation-tracking, offer-details-tracking, payback-card-change, payback-ecoupon-api, payback-evoucher, payback-rewe-newsletter, payback-targeted-bonus-coupon, payback-targeted-burn, payback-voucher-wall, productlist-citrusad, productlist-funneling-zero-results-parcel-check, productlist-gam, productlist-navigation-tracking, productlist-new-deals-page, rewe-sso, wookiees-pickup-page" data-customer-id="" data-context="default"><div id="rsss-container"><div class="Xcf3MkgSy01eFjfaghWQ" data-reactroot=""><div class="xh0J9PtHpjL9Qmx42rg_ L0x2YxtI1GQ7N_2PsHhl"><form action="/productList" method="GET" class="Z0i4lVqz4msK40VElMRW"><input type="search" class="HzXnz6Y1ACQIBs6Is_1Y rs-qa-header-search-input" value="" name="search" placeholder="Suche" autocomplete="off" autofocus="" required=""><button type="submit" class="AoUkUHLfB2TNIRo8sMjm rs-qa-header-search-button" aria-label="Suche"><svg xmlns="http://www.w3.org/2000/svg" width="32" height="32"><path d="M20.532 21.927A9.29 9.29 0 0 1 14.667 24a9.334 9.334 0 1 1 7.26-3.468c.04.029.076.06.112.096l4 4a.997.997 0 1 1-1.411 1.41l-4-4a1.095 1.095 0 0 1-.096-.11zm-5.865.078a7.338 7.338 0 1 0 0-14.677 7.338 7.338 0 0 0 0 14.677z" fill="#4C4C4C" fill-rule="nonzero"></path></svg></button></form></div><div class="HP8R3jcMPPspI0xY3DNE" style="top: 88px;"></div><section class="rs-qa-search-suggestions BF3NyUHHmGaGcrDvTnRI"><ul id="products-list" class="ceg11JpFzPNsn5Q4aOe5"></ul><div class="hrhzuUP3uWVruYANnuwS"><a id="display-all-results" class="fRkQO_bSxYlQdbatslWa DUoeGaooKPsCG79LSNSR" href="/productList?search=">Alle Suchergebnisse anzeigen</a></div></section></div></div></div></div><div class="ths-shopping-navigation"><span class="ths-shopping-navigation__item"><a href="#" class="tss-timeslot-button tss-js-timeslot-button tss-qa-reserve-timeslot-link rs-qa-reserve-timeslot-link tss-js-timeslot-button-header-web shop tss-shop-timeslot-button" data-servicetype="pickup" data-wwident="565297" data-shopcontext="overview" data-identifier="header-web"><div class="tss-qa-reserve-timeslot-link-icon tss-shop-timeslot-button__icon tss-shop-timeslot-button__icon--regular"><svg xmlns="http://www.w3.org/2000/svg" viewBox="0 0 32 32" class="tss-icon tss-icon--calendar" aria-hidden="true">
<path d="M24.667 10H7.333v2.333h17.334V10zm-10-2h2.666V6.667a2 2 0 012-2h1.334a2 2 0 012 2V8h2a2 2 0 012 2v14.667a2 2 0 01-2 2H7.333a2 2 0 01-2-2V10a2 2 0 012-2h2V6.667a2 2 0 012-2h1.334a2 2 0 012 2V8zm-2 0V6.667h-1.334V8h1.334zm6.666 0h1.334V6.667h-1.334V8zm-12 6.333v10.334h17.334V14.333H7.333zM11 16.667h10a1 1 0 110 2H11a1 1 0 010-2zm0 4h8a1 1 0 110 2h-8a1 1 0 010-2z" fill-rule="nonzero"></path>
</svg></div><div class="tss-qa-reserve-timeslot-link-icon tss-shop-timeslot-button__icon tss-shop-timeslot-button__icon--hover"><svg xmlns="http://www.w3.org/2000/svg" viewBox="0 0 32 32" class="tss-icon tss-icon--calendar-filled" aria-hidden="true">
<path d="M24.667 10H7.333v2.333h17.334V10zm-12-5.333a2 2 0 012 2V8h2.666V6.667a2 2 0 012-2h1.334a2 2 0 012 2V8h2a2 2 0 012 2v14.667a2 2 0 01-2 2H7.333a2 2 0 01-2-2V10a2 2 0 012-2h2V6.667a2 2 0 012-2h1.334zm6.333 16h-8a1 1 0 100 2h8a1 1 0 000-2zm2-4H11a1 1 0 100 2h10a1 1 0 000-2zM12.667 8V6.667h-1.334V8h1.334zm6.666 0h1.334V6.667h-1.334V8z" fill-rule="nonzero"></path>
</svg></div><div class="tss-qa-reserve-timeslot-link-text tss-shop-timeslot-button__text"><span>Abholtermin <br>wählen</span></div></a></span><span class="ths-shopping-navigation__item"><button class="ths-shopping-button ths-shopping-button--favorites ths-qa-favorites-button" onclick="document.getElementById('shopping-list-header-button-prg-redirect-form').submit();"><span class="ths-shopping-button__icon ths-shopping-button__icon--regular ths-qa-favorites-button-icon"><svg xmlns="http://www.w3.org/2000/svg" class="ths-icon ths-icon--heart" aria-hidden="true" viewBox="0 0 32 32"><path d="M25.136 13.758A3.798 3.798 0 0026 11.324c0-2.187-1.853-3.99-4.153-3.99-.873 0-1.696.25-2.386.72-.23.156-.502.386-.809.69-.208.207-.589.633-1.118 1.257l-1.507 1.774-1.527-1.757c-.502-.578-.889-1-1.148-1.257-.364-.359-.669-.614-.898-.761a4.222 4.222 0 00-2.304-.667C7.853 7.333 6 9.138 6 11.323c0 .906.301 1.749.846 2.415.079.092 1.828 2.048 5.059 5.657l3.5 3.909.603.673 9.128-10.219zM16.01 8.706c.874-1.077 1.65-1.846 2.326-2.306a6.226 6.226 0 013.511-1.067c3.39 0 6.153 2.686 6.153 5.99a5.81 5.81 0 01-1.318 3.705l-.026.03-10.185 11.403a.621.621 0 01-.923.001l-.23-.258-1.403-1.566-3.5-3.91c-3.178-3.549-4.99-5.574-5.089-5.69A5.814 5.814 0 014 11.324c-.001-3.304 2.761-5.99 6.15-5.99a6.23 6.23 0 013.388.985c.66.426 1.484 1.221 2.472 2.387z"></path></svg></span><span class="ths-shopping-button__icon ths-shopping-button__icon--hover"><svg xmlns="http://www.w3.org/2000/svg" viewBox="0 0 32 32" class="ths-icon ths-icon--heart-filled" aria-hidden="true"><path d="M18.336 6.4a6.226 6.226 0 013.511-1.067c3.39 0 6.153 2.686 6.153 5.99a5.81 5.81 0 01-1.318 3.705l-.026.03-10.185 11.403a.621.621 0 01-.923.001l-.23-.258-1.403-1.566-3.5-3.91c-3.178-3.549-4.99-5.574-5.089-5.69A5.814 5.814 0 014 11.324c-.001-3.304 2.761-5.99 6.15-5.99a6.23 6.23 0 013.388.985c.358.231.764.57 1.219 1.02.303.298.72.754 1.253 1.367.564-.664.975-1.124 1.234-1.381a7.917 7.917 0 011.092-.925z"></path></svg></span><span class="ths-shopping-button__text ths-qa-favorites-button-text"> Favoriten
</span></button></span><span class="ths-shopping-navigation__item"><form class="bsButtonLinkForm" method="post" action="/api/prg"><input type="hidden" name="redirectUrl" value="L2NoZWNrb3V0L2Jhc2tldA=="><button type="submit" class="basket-link basket_ripple rs-qa-basketLink" data-basket-link="" data-header-zip-code="12203" data-has-market-in-header="true" data-basket-service-types="" data-basket-market-code="" data-basket-zip-code=""><span class="basket-link_icon"><span class="basket-link_icon--amount" data-basket-link-amount="">0</span><img class="basket-link_icon--icon_empty" alt="empty basket" src="https://shop.rewe-static.de/rewe-basket/7a7ad2b32/images/basket-link-default.svg"><img class="basket-link_icon--icon_empty--hover" alt="empty basket" src="https://shop.rewe-static.de/rewe-basket/7a7ad2b32/images/basket-link-default-hover.svg"><img class="basket-link_icon--icon_filled" alt="filled basket" src="https://shop.rewe-static.de/rewe-basket/7a7ad2b32/images/basket-link-filled.svg"><img class="basket-link_icon--icon_active" alt="active basket" src="https://shop.rewe-static.de/rewe-basket/7a7ad2b32/images/basket-link-active.svg"></span><span class="basket-link_value"><span class="basket-link_value--price" data-basket-link-price="">0,00 €</span></span></button></form></span></div></div></div><div class="ths-categories"><div id="lrms-navigation" data-cy="lrms-navigation"><form id="lr-prg-redirect-form" action="/api/prg" method="post"><input type="hidden" name="redirectUrl" id="lr-prg-redirectUrl"></form> <div class="menu__mobile-trigger svelte-6ftnon" data-cy="mobile_trigger"><a class="hamburger" data-name="hamburger"><span class="hamburger--icon svelte-6ftnon"></span></a></div> <span class="shadow-layer svelte-6ftnon"></span> </div><script type="application/json" id="navigation-primarymenu-datastore">
            {
                "primaryMenu": [
                        { "id": "SPECIAL_ALLE_PRODUKTE",
                          "name": "Sortiment",
                          "link": null
                        },
                        { "id": "SPECIAL_MEINE_PRODUKTE",
                          "name": "Meine Produkte",
                          "link": "\/meine-produkte"
                        },
                        { "id": "SPECIAL_ANGEBOTE",
                          "name": "Angebote",
                          "link": "\/angebote"
                        },
                        { "id": "SPECIAL_INSPIRATIONSWELTEN",
                          "name": "Inspirationswelten",
                          "link": "\/themen\/"
                        }
                ]
                }
</script><script type="application/json" id="navigation-datastore">{"additionalUiData":{"navigationJsonEndpoint":"/api/navigation","staticAssetBaseUrl":"https://shop.rewe-static.de/rewe-navigation-service","prgEndpoint":"/api/prg","marketCode":"565297","serviceTypes":"PICKUP","testgroups":[]}}</script></div></div><form id="shopping-list-header-button-prg-redirect-form" action="/api/prg" method="post"><input type="hidden" name="redirectUrl" value="L21laW5lLXByb2R1a3RlP2Zhdkxpc3Q9dHJ1ZQ=="></form><script>
    if (performance) {
        typeof performance.mark === 'function' && performance.mark('@REWE_HEADER_end');
        typeof performance.measure === 'function' && performance.measure('@REWE_HEADER_duration', '@REWE_HEADER_start', '@REWE_HEADER_end');
    }
</script></header></div><div id="search-service-content"><div><div>

<span class="mesoIncludeFallbackElement">

</span>

</div><div class="IndexPage_rsProductListContent__FTyHe"><div><nav class="Breadcrumbs_Breadcrumbs__HlBDV search-service-Breadcrumbs"><div class="Breadcrumbs_BreadcrumbsWrapper___J9ZB"><div class="BreadcrumbLink_BreadcrumbLinkWrapper__skleb"><a class="BreadcrumbLink_BreadcrumbLink__hHBZH BreadcrumbLink_BreadcrumbBackLink__TomhN" href="#" id="breadcrumbLink0"><svg version="1.1" x="0px" y="0px" viewBox="0 0 580 580" xml:space="preserve" width="10px" height="10px"><path fill-rule="evenodd" fill="#cc071e" d="M143.409,24.32c0-25.958,15.039-31.907,32.836-14.114 l246.901,246.843c18.115,18.172,17.737,47.976,0,65.71L176.298,569.607c-18.121,18.121-32.832,12.012-32.832-14.172L143.409,24.32z"></path></svg>Zurück</a></div><div class="BreadcrumbLink_BreadcrumbLinkWrapper__skleb">Obst &amp; Gemüse</div></div></nav><script type="application/ld+json">{"@context":"https://schema.org","@type":"BreadcrumbList","itemListElement":[{"@type":"ListItem","position":1,"item":{"@id":"https://shop.rewe.de/c/obst-gemuese/","name":"Obst &amp; Gem&uuml;se"}}]}</script></div><div class="Gam_gamBox__wjHjH"><div id="gam_topbanner"></div></div><div class="DisplayOptions_rsDisplayoptions__hRxoG search-service-rsDisplayoptions"><span class="ResultsText_rsResultsText__X3oyb"><h1 class="ResultsText_rsResultsTextHeadline__B_Vc2">Obst &amp; Gemüse</h1>285 Artikel</span><span class="DisplayOptions_rsDisplayoptionsMobileDropdownContainer__72s02"><span class="DisplayOptions_rsDisplayoptionsFilterControl__t_Ha5 CategoryDropdown_categoryDropdownActive__ssIKz CategoryDropdown_categoryDropdownActive__ssIKz"><span class="CategoryDropdown_categoryDropdownLabelActiveState__mCOFy">Kategorie</span><span class="CategoryDropdown_categoryDropdownActiveCategory__Fl7Ou">Obst &amp; Gemüse</span></span><span class="DisplayOptions_rsDisplayoptionsFilterControl__t_Ha5 DisplayOptions_rsDisplayoptionsFilterControlFilter__WLkdj"><span>Filter</span><span class="FilterIcon_filterIcon__3c72l"></span></span></span><span class="DisplayOptions_rsDisplayoptionsRightHideInMobile__8PONI"><span class="Select_rsSelectWrapper__SWvmT DisplayOptions_rsDisplayoptionsObjectPerPageSelect__iaR3R" id="objectsPerPage"><label for="objectsPerPage" class="Select_rsSelectLabel__MyX9W Select_rsSelectText__U_NgU">Artikel pro Seite</label><span class="Select_rsSelectcontrolwrapper___bVGY"><select id="objectsPerPage" name="objectsPerPage" class="Select_rsSelect__qwGEE Select_rsSelectText__U_NgU"><option value="10">10</option><option value="20">20</option><option selected="" value="40">40</option><option value="80">80</option></select><div class="Select_rsGlyphiconextDoubleArrowVertical__TA0uy"></div></span></span><span class="Select_rsSelectWrapper__SWvmT DisplayOptions_rsDisplayoptionsSortingSelect__0lUbs" id="sorting"><label for="sorting" class="Select_rsSelectLabel__MyX9W Select_rsSelectText__U_NgU">Sortieren</label><span class="Select_rsSelectcontrolwrapper___bVGY"><select id="sorting" name="sorting" class="Select_rsSelect__qwGEE Select_rsSelectText__U_NgU"><option selected="" value="RELEVANCE_DESC">Relevanz</option><option value="TOPSELLER_DESC">Beliebtheit</option><option value="NAME_ASC">Name</option><option value="PRICE_ASC">Preis aufsteigend</option><option value="PRICE_DESC">Preis absteigend</option></select><div class="Select_rsGlyphiconextDoubleArrowVertical__TA0uy"></div></span></span></span></div><div class="IndexPage_rsFacetedProductList__lPS4u"><div class="MobileFullScreenModal_mobileFullScreenModal__Rzwoy MobileFullScreenModal_hideMobileFullScreenModal__OEe_d"><div class="FacetListMobile_facetListMobileDetailView__i3Ggm"></div><div class="FacetListMobile_facetListMobileOverView__HOY67 FacetListMobile_facetListMobileOverViewActive__IGcAZ"><div class="FacetListMobile_facetListMobileHeader__bxY9w"><h3 class="FacetListMobile_facetListMobileHeadline__6lzWj">Filter</h3></div><ul class="FacetListMobile_facetListMobile__GndcA"><li class="FacetListMobile_facetListMobileGroupTitle__yhH_5 FacetListMobile_facetListMobileGroupTitleSelected__qIrNl"><button class="FacetGroupTitle_rsFacetGroupTitleContainer__FUWdk FacetGroupTitle_rsFacetGroupTitleMobile__KvGBc" aria-label="Sortieren nach-Filter anzeigen "><div class="FacetGroupTitle_titleWrapper__S62Fc"><span class="FacetGroupTitle_facetListMobileTitle__wrNcN">Sortieren nach</span><span class="FacetGroupTitle_facetListMobileSubtitle__P5VK4">Relevanz</span></div><span class="FacetGroupTitle_rsFacetGroupToggleIcon__THc6m FacetGroupTitle_rsFacetGroupToggleIconClosed__u2_eX FacetGroupTitle_rsFacetGroupToggleIconMobile__0YkeU"><svg version="1.1" x="0px" y="0px" viewBox="0 0 24 24" xml:space="preserve" width="24px" height="24px"><path fill="#4C4C4C" fill-rule="evenodd" d="M12 11.414l4.293 4.293a1 1 0 1 0 1.414-1.414l-5-5a1 1 0 0 0-1.414 0l-5 5a1 1 0 1 0 1.414 1.414L12 11.414z"></path></svg></span></button></li><li class="FacetListMobile_facetListMobileGroupTitle__yhH_5"><button class="FacetGroupTitle_rsFacetGroupTitleContainer__FUWdk FacetGroupTitle_rsFacetGroupTitleMobile__KvGBc" aria-label="Eigenschaften-Filter anzeigen "><div class="FacetGroupTitle_titleWrapper__S62Fc"><span class="FacetGroupTitle_facetListMobileTitle__wrNcN">Eigenschaften</span></div><span class="FacetGroupTitle_rsFacetGroupToggleIcon__THc6m FacetGroupTitle_rsFacetGroupToggleIconClosed__u2_eX FacetGroupTitle_rsFacetGroupToggleIconMobile__0YkeU"><svg version="1.1" x="0px" y="0px" viewBox="0 0 24 24" xml:space="preserve" width="24px" height="24px"><path fill="#4C4C4C" fill-rule="evenodd" d="M12 11.414l4.293 4.293a1 1 0 1 0 1.414-1.414l-5-5a1 1 0 0 0-1.414 0l-5 5a1 1 0 1 0 1.414 1.414L12 11.414z"></path></svg></span></button></li><li class="FacetListMobile_facetListMobileGroupTitle__yhH_5"><button class="FacetGroupTitle_rsFacetGroupTitleContainer__FUWdk FacetGroupTitle_rsFacetGroupTitleMobile__KvGBc" aria-label="Marken-Filter anzeigen "><div class="FacetGroupTitle_titleWrapper__S62Fc"><span class="FacetGroupTitle_facetListMobileTitle__wrNcN">Marken</span></div><span class="FacetGroupTitle_rsFacetGroupToggleIcon__THc6m FacetGroupTitle_rsFacetGroupToggleIconClosed__u2_eX FacetGroupTitle_rsFacetGroupToggleIconMobile__0YkeU"><svg version="1.1" x="0px" y="0px" viewBox="0 0 24 24" xml:space="preserve" width="24px" height="24px"><path fill="#4C4C4C" fill-rule="evenodd" d="M12 11.414l4.293 4.293a1 1 0 1 0 1.414-1.414l-5-5a1 1 0 0 0-1.414 0l-5 5a1 1 0 1 0 1.414 1.414L12 11.414z"></path></svg></span></button></li></ul></div><div class="FacetListMobile_filterApplyButtonContainer__x_Q2B"><span class="FacetListMobile_filterResultsCount__OC0W0">285<!-- --><!-- --> Ergebnisse</span><button type="button" class="FacetListMobile_filterButton__eVePv FacetListMobile_filterCloseButton__J5w6Q">Filter schließen</button></div></div><div class="MobileFullScreenModal_mobileFullScreenModal__Rzwoy MobileFullScreenModal_hideMobileFullScreenModal__OEe_d"><div class="CategoryFacetListMobile_categoryFacetListMobileHeaderContainer__fHgPk"><div class="CategoryFacetListMobile_categoryFacetListMobileHeader__pJ9Io"><h3 class="CategoryFacetListMobile_categoryFacetListMobileHeadline__WSzjp">Kategorie filtern</h3><button type="button" class="CategoryFacetListMobile_categoryFacetListMobileHeaderCloseButton__Oo1QE"><svg width="12" height="12" viewBox="0 0 13 13"><g stroke="none" stroke-width="1" fill="#4a4a4a" fill-rule="evenodd"><path d="M6.303,4.89 L10.546,0.646 C10.936,0.256 11.57,0.256 11.96,0.646 C12.35,1.037 12.35,1.67 11.96,2.061 L7.718,6.303 L11.96,10.546 C12.35,10.936 12.35,11.57 11.96,11.96 C11.57,12.35 10.936,12.35 10.546,11.96 L6.303,7.718 L2.061,11.96 C1.671,12.35 1.037,12.35 0.646,11.96 C0.256,11.57 0.256,10.936 0.646,10.546 L4.889,6.303 L0.646,2.061 C0.256,1.671 0.256,1.037 0.646,0.646 C1.037,0.256 1.67,0.256 2.061,0.646 L6.303,4.889 L6.303,4.89 Z"></path></g></svg></button></div><div class="CategoryFacetListMobile_categoryFacetListMobileHeaderActiveCategory__NZcgG"><span class="CategoryFacetListMobile_categoryFacetListMobileHeaderActiveCategoryLabel__90oRE">Obst &amp; Gemüse</span><div class="FacetsResetLink_facetsResetLinkSlidingNav__c800l" aria-label="CATEGORY zurücksetzen">Zurücksetzen</div></div></div><ul class="CategoryFacetListMobile_categoriesList__ZkqXY"><li class="CategoryFacetListMobile_categoriesListItem__1qFT_"><a class="FacetOptionCategoryLink_facetOptionCategoryLink__pbsjO" title="Gemüse" href="https://shop.rewe.de/c/obst-gemuese-gemuese/"><span class="FacetOptionCategoryLinkInner_facetOptionCategoryLinkInner__CXi4a"><span class="FacetOptionCategoryLinkInner_facetOptionCategoryLinkInnerLabel__radtA FacetOptionCategoryLinkInner_facetOptionCategoryLinkInnerLabelWithoutIcon___bWGd">Gemüse</span></span></a></li><li class="CategoryFacetListMobile_categoriesListItem__1qFT_"><a class="FacetOptionCategoryLink_facetOptionCategoryLink__pbsjO" title="Kräuter" href="https://shop.rewe.de/c/obst-gemuese-kraeuter/"><span class="FacetOptionCategoryLinkInner_facetOptionCategoryLinkInner__CXi4a"><span class="FacetOptionCategoryLinkInner_facetOptionCategoryLinkInnerLabel__radtA FacetOptionCategoryLinkInner_facetOptionCategoryLinkInnerLabelWithoutIcon___bWGd">Kräuter</span></span></a></li><li class="CategoryFacetListMobile_categoriesListItem__1qFT_"><a class="FacetOptionCategoryLink_facetOptionCategoryLink__pbsjO" title="Obst" href="https://shop.rewe.de/c/obst-gemuese-obst/"><span class="FacetOptionCategoryLinkInner_facetOptionCategoryLinkInner__CXi4a"><span class="FacetOptionCategoryLinkInner_facetOptionCategoryLinkInnerLabel__radtA FacetOptionCategoryLinkInner_facetOptionCategoryLinkInnerLabelWithoutIcon___bWGd">Obst</span></span></a></li><li class="CategoryFacetListMobile_categoriesListItem__1qFT_"><a class="FacetOptionCategoryLink_facetOptionCategoryLink__pbsjO" title="Trockenfrüchte &amp; Kerne" href="https://shop.rewe.de/c/obst-gemuese-trockenfruechte-kerne/"><span class="FacetOptionCategoryLinkInner_facetOptionCategoryLinkInner__CXi4a"><span class="FacetOptionCategoryLinkInner_facetOptionCategoryLinkInnerLabel__radtA FacetOptionCategoryLinkInner_facetOptionCategoryLinkInnerLabelWithoutIcon___bWGd">Trockenfrüchte &amp; Kerne</span></span></a></li></ul></div><aside class="FacetList_hideInMobileView__b8qwQ"><ul class="FacetList_rsFacetGroupListContainer__yfKPI" aria-label="Produktfilter"><li class="FacetGroupContainer_facetGroupContainer__mwQV7 NavFacetGroup_navFacetGroupContainerCategoryHiddenInMobile__sMnH0" aria-label="Kategorien-Filter"><button class="FacetGroupTitle_rsFacetGroupTitleContainer__FUWdk FacetGroupTitle_rsFacetGroupTitle__H7Kji" aria-label="Kategorien-Filter ausblenden "><div class="FacetGroupTitle_titleWrapper__S62Fc"><span class="FacetGroupTitle_facetListMobileTitle__wrNcN">Kategorien</span></div><span class="FacetGroupTitle_rsFacetGroupToggleIcon__THc6m"><svg version="1.1" x="0px" y="0px" viewBox="0 0 24 24" xml:space="preserve" width="24px" height="24px"><path fill="#4C4C4C" fill-rule="evenodd" d="M12 11.414l4.293 4.293a1 1 0 1 0 1.414-1.414l-5-5a1 1 0 0 0-1.414 0l-5 5a1 1 0 1 0 1.414 1.414L12 11.414z"></path></svg></span></button><div class="ExpandCollapse_ExpandCollapse__5ED0n"><div class="ExpandCollapse_ExpandCollapseExpander__7im9A" style="max-height: 5px;"><div class="NavFacetGroup_navFacetGroupContainerFacetOptionList__bIqp_ NavFacetGroup_navFacetGroupContainerFacetOptionListCategories___hC6L"><ul class="NavFacetGroup_navFacetGroupList__vreDw"><li class="FacetOption_rsFacetGroupContainerIndentedFacetOptionLevel1__iN7ix FacetOption_rsFacetGroupContainerCategoryFacetOption__Tt8mT FacetOption_rsFacetGroupContainerCategoryFacetOptionApplied__gI2K_"><a class="FacetOptionCategoryLink_facetOptionCategoryLink__pbsjO FacetOptionCategoryLink_facetOptionCategoryLinkApplied__dHZPk" title="Obst &amp; Gemüse" href="https://shop.rewe.de/c/obst-gemuese/"><span class="FacetOptionCategoryLinkInner_facetOptionCategoryLinkInner__CXi4a"><div class="CategoryIcon_CategoryIconContainer__WiQMc"><div class="CategoryIcon_CategoryIcon__poQsL CategoryIcon_CategoryIconAppliedFruits__5CyLO"></div><div class="CategoryIcon_CategoryIconHover__9UTr7 CategoryIcon_CategoryIconHoverFruits__DO5gf"></div></div><span class="FacetOptionCategoryLinkInner_facetOptionCategoryLinkInnerLabel__radtA FacetOptionCategoryLinkInner_facetOptionCategoryLinkInnerApplied__C3YR2">Obst &amp; Gemüse</span></span></a></li><ul class="FacetOptions_rsFacetGroupContainerIndentedFacetOption__N92Ls"><li class="FacetOption_rsFacetGroupContainerIndentedFacetOptionLevel2__SbBB2 FacetOption_rsFacetGroupContainerCategoryFacetOption__Tt8mT"><a class="FacetOptionCategoryLink_facetOptionCategoryLink__pbsjO" title="Gemüse" href="https://shop.rewe.de/c/obst-gemuese-gemuese/"><span class="FacetOptionCategoryLinkInner_facetOptionCategoryLinkInner__CXi4a"><span class="FacetOptionCategoryLinkInner_facetOptionCategoryLinkInnerLabel__radtA">Gemüse</span></span></a></li><li class="FacetOption_rsFacetGroupContainerIndentedFacetOptionLevel2__SbBB2 FacetOption_rsFacetGroupContainerCategoryFacetOption__Tt8mT"><a class="FacetOptionCategoryLink_facetOptionCategoryLink__pbsjO" title="Kräuter" href="https://shop.rewe.de/c/obst-gemuese-kraeuter/"><span class="FacetOptionCategoryLinkInner_facetOptionCategoryLinkInner__CXi4a"><span class="FacetOptionCategoryLinkInner_facetOptionCategoryLinkInnerLabel__radtA">Kräuter</span></span></a></li><li class="FacetOption_rsFacetGroupContainerIndentedFacetOptionLevel2__SbBB2 FacetOption_rsFacetGroupContainerCategoryFacetOption__Tt8mT"><a class="FacetOptionCategoryLink_facetOptionCategoryLink__pbsjO" title="Obst" href="https://shop.rewe.de/c/obst-gemuese-obst/"><span class="FacetOptionCategoryLinkInner_facetOptionCategoryLinkInner__CXi4a"><span class="FacetOptionCategoryLinkInner_facetOptionCategoryLinkInnerLabel__radtA">Obst</span></span></a></li><li class="FacetOption_rsFacetGroupContainerIndentedFacetOptionLevel2__SbBB2 FacetOption_rsFacetGroupContainerCategoryFacetOption__Tt8mT"><a class="FacetOptionCategoryLink_facetOptionCategoryLink__pbsjO" title="Trockenfrüchte &amp; Kerne" href="https://shop.rewe.de/c/obst-gemuese-trockenfruechte-kerne/"><span class="FacetOptionCategoryLinkInner_facetOptionCategoryLinkInner__CXi4a"><span class="FacetOptionCategoryLinkInner_facetOptionCategoryLinkInnerLabel__radtA">Trockenfrüchte &amp; Kerne</span></span></a></li></ul></ul></div><div class="FacetsResetLink_facetsResetLink__zImeg" aria-label="Zurück zur Übersicht">Zurück zur Übersicht</div></div></div></li><li class="FacetGroupContainer_facetGroupContainer__mwQV7" aria-label="Eigenschaften-Filter"><button class="FacetGroupTitle_rsFacetGroupTitleContainer__FUWdk FacetGroupTitle_rsFacetGroupTitle__H7Kji" aria-label="Eigenschaften-Filter ausblenden "><div class="FacetGroupTitle_titleWrapper__S62Fc"><span class="FacetGroupTitle_facetListMobileTitle__wrNcN">Eigenschaften</span></div><span class="FacetGroupTitle_rsFacetGroupToggleIcon__THc6m"><svg version="1.1" x="0px" y="0px" viewBox="0 0 24 24" xml:space="preserve" width="24px" height="24px"><path fill="#4C4C4C" fill-rule="evenodd" d="M12 11.414l4.293 4.293a1 1 0 1 0 1.414-1.414l-5-5a1 1 0 0 0-1.414 0l-5 5a1 1 0 1 0 1.414 1.414L12 11.414z"></path></svg></span></button><div class="ExpandCollapse_ExpandCollapse__5ED0n"><div class="ExpandCollapse_ExpandCollapseExpander__7im9A" style="max-height: 5px;"><div class="SimpleFacetGroup_rsFacetGroupContainerFacetOptionList__OoeUO"><ul class="SimpleFacetGroup_simpleFacetGroupList__PruHU"><li class="FacetOption_rsFacetGroupContainerFacetOption__Cvf0_"><div class="FacetOptionLink_rsFacetGroupContainerFacetOptionLinkActive__gPkh9" title="Angebote" id="ATTRIBUTE-Angebote"><form method="post" action="/api/prg"><input type="hidden" name="redirectUrl" value="aHR0cHM6Ly9zaG9wLnJld2UuZGUvYy9vYnN0LWdlbXVlc2UvP2F0dHJpYnV0ZT1kaXNjb3VudGVk"><button type="submit" class="PostRequestGetForm_PostRequestGetFormButton__9Sp2R"><div class="FacetOptionLinkInner_rsFacetGroupContainerFacetOptionLink__NwS54"><div class="FacetOptionLinkInner_rsFacetGroupContainerFacetOptionCheckbox__qD9YP"><div class="FacetOptionLinkInner_rsFacetGroupContainerFacetOptionCheckboxTick__mNywB FacetOptionLinkInner_rsFacetGroupContainerFacetOptionCheckboxTickInactive__xDQ_I"></div></div><span class="FacetOptionLabel_facetGroupContainerFacetOptionName__PZPeO"><span>Angebote</span></span></div></button></form></div></li><li class="FacetOption_rsFacetGroupContainerFacetOption__Cvf0_"><div class="FacetOptionLink_rsFacetGroupContainerFacetOptionLinkActive__gPkh9" title="Bio" id="ATTRIBUTE-Bio"><form method="post" action="/api/prg"><input type="hidden" name="redirectUrl" value="aHR0cHM6Ly9zaG9wLnJld2UuZGUvYy9vYnN0LWdlbXVlc2UvP2F0dHJpYnV0ZT1vcmdhbmlj"><button type="submit" class="PostRequestGetForm_PostRequestGetFormButton__9Sp2R"><div class="FacetOptionLinkInner_rsFacetGroupContainerFacetOptionLink__NwS54"><div class="FacetOptionLinkInner_rsFacetGroupContainerFacetOptionCheckbox__qD9YP"><div class="FacetOptionLinkInner_rsFacetGroupContainerFacetOptionCheckboxTick__mNywB FacetOptionLinkInner_rsFacetGroupContainerFacetOptionCheckboxTickInactive__xDQ_I"></div></div><span class="FacetOptionLabel_facetGroupContainerFacetOptionName__PZPeO"><span>Bio</span></span></div></button></form></div></li></ul></div></div></div></li><li class="FacetGroupContainer_facetGroupContainer__mwQV7" aria-label="Marken-Filter"><button class="FacetGroupTitle_rsFacetGroupTitleContainer__FUWdk FacetGroupTitle_rsFacetGroupTitle__H7Kji" aria-label="Marken-Filter ausblenden "><div class="FacetGroupTitle_titleWrapper__S62Fc"><span class="FacetGroupTitle_facetListMobileTitle__wrNcN">Marken</span></div><span class="FacetGroupTitle_rsFacetGroupToggleIcon__THc6m"><svg version="1.1" x="0px" y="0px" viewBox="0 0 24 24" xml:space="preserve" width="24px" height="24px"><path fill="#4C4C4C" fill-rule="evenodd" d="M12 11.414l4.293 4.293a1 1 0 1 0 1.414-1.414l-5-5a1 1 0 0 0-1.414 0l-5 5a1 1 0 1 0 1.414 1.414L12 11.414z"></path></svg></span></button><div class="ExpandCollapse_ExpandCollapse__5ED0n"><div class="ExpandCollapse_ExpandCollapseExpander__7im9A" style="max-height: 5px;"><div class="FilterFacetGroup_rsFilterFacetContainer__S8lSo"><ul class="FilterFacetGroup_rsFacetGroupContainerFacetOptionList__LrvJv"></ul><div class="FilterFacetGroup_rsFacetGroupSearchfilterContainer__McZ5L"><input type="text" class="FilterFacetGroup_rsFacetGroupSearchfilterContainerInput___12sJ" placeholder="Marke finden"><div class="FilterFacetGroup_rsFacetGroupSearchfilterIconMagnifier__Yaw3B"></div></div><div class="FilterListScroller_filterList__vYOYw FilterListScroller_filterListScrolledToEnd__j3bQZ"><ul class="FilterFacetGroup_rsFacetGroupContainerFacetOptionList__LrvJv"><li class="FacetOption_rsFacetGroupContainerFacetOption__Cvf0_"><div class="FacetOptionLink_rsFacetGroupContainerFacetOptionLinkActive__gPkh9" title="ja!" id="BRAND-ja!"><form method="post" action="/api/prg"><input type="hidden" name="redirectUrl" value="aHR0cHM6Ly9zaG9wLnJld2UuZGUvYy9vYnN0LWdlbXVlc2UvP2JyYW5kPWphJTIx"><button type="submit" class="PostRequestGetForm_PostRequestGetFormButton__9Sp2R"><div class="FacetOptionLinkInner_rsFacetGroupContainerFacetOptionLink__NwS54"><div class="FacetOptionLinkInner_rsFacetGroupContainerFacetOptionCheckbox__qD9YP"><div class="FacetOptionLinkInner_rsFacetGroupContainerFacetOptionCheckboxTick__mNywB FacetOptionLinkInner_rsFacetGroupContainerFacetOptionCheckboxTickInactive__xDQ_I"></div></div><span class="FacetOptionLabel_facetGroupContainerFacetOptionName__PZPeO"><span>ja!</span></span></div></button></form></div></li><li class="FacetOption_rsFacetGroupContainerFacetOption__Cvf0_"><div class="FacetOptionLink_rsFacetGroupContainerFacetOptionLinkActive__gPkh9" title="REWE Beste Wahl" id="BRAND-REWE Beste Wahl"><form method="post" action="/api/prg"><input type="hidden" name="redirectUrl" value="aHR0cHM6Ly9zaG9wLnJld2UuZGUvYy9vYnN0LWdlbXVlc2UvP2JyYW5kPVJFV0UlMjBCZXN0ZSUyMFdhaGw"><button type="submit" class="PostRequestGetForm_PostRequestGetFormButton__9Sp2R"><div class="FacetOptionLinkInner_rsFacetGroupContainerFacetOptionLink__NwS54"><div class="FacetOptionLinkInner_rsFacetGroupContainerFacetOptionCheckbox__qD9YP"><div class="FacetOptionLinkInner_rsFacetGroupContainerFacetOptionCheckboxTick__mNywB FacetOptionLinkInner_rsFacetGroupContainerFacetOptionCheckboxTickInactive__xDQ_I"></div></div><span class="FacetOptionLabel_facetGroupContainerFacetOptionName__PZPeO"><span>REWE Beste Wahl</span></span></div></button></form></div></li><li class="FacetOption_rsFacetGroupContainerFacetOption__Cvf0_"><div class="FacetOptionLink_rsFacetGroupContainerFacetOptionLinkActive__gPkh9" title="REWE Bio" id="BRAND-REWE Bio"><form method="post" action="/api/prg"><input type="hidden" name="redirectUrl" value="aHR0cHM6Ly9zaG9wLnJld2UuZGUvYy9vYnN0LWdlbXVlc2UvP2JyYW5kPVJFV0UlMjBCaW8"><button type="submit" class="PostRequestGetForm_PostRequestGetFormButton__9Sp2R"><div class="FacetOptionLinkInner_rsFacetGroupContainerFacetOptionLink__NwS54"><div class="FacetOptionLinkInner_rsFacetGroupContainerFacetOptionCheckbox__qD9YP"><div class="FacetOptionLinkInner_rsFacetGroupContainerFacetOptionCheckboxTick__mNywB FacetOptionLinkInner_rsFacetGroupContainerFacetOptionCheckboxTickInactive__xDQ_I"></div></div><span class="FacetOptionLabel_facetGroupContainerFacetOptionName__PZPeO"><span>REWE Bio</span></span></div></button></form></div></li><li class="FacetOption_rsFacetGroupContainerFacetOption__Cvf0_"><div class="FacetOptionLink_rsFacetGroupContainerFacetOptionLinkActive__gPkh9" title="REWE Feine Welt" id="BRAND-REWE Feine Welt"><form method="post" action="/api/prg"><input type="hidden" name="redirectUrl" value="aHR0cHM6Ly9zaG9wLnJld2UuZGUvYy9vYnN0LWdlbXVlc2UvP2JyYW5kPVJFV0UlMjBGZWluZSUyMFdlbHQ"><button type="submit" class="PostRequestGetForm_PostRequestGetFormButton__9Sp2R"><div class="FacetOptionLinkInner_rsFacetGroupContainerFacetOptionLink__NwS54"><div class="FacetOptionLinkInner_rsFacetGroupContainerFacetOptionCheckbox__qD9YP"><div class="FacetOptionLinkInner_rsFacetGroupContainerFacetOptionCheckboxTick__mNywB FacetOptionLinkInner_rsFacetGroupContainerFacetOptionCheckboxTickInactive__xDQ_I"></div></div><span class="FacetOptionLabel_facetGroupContainerFacetOptionName__PZPeO"><span>REWE Feine Welt</span></span></div></button></form></div></li><li class="FacetOption_rsFacetGroupContainerFacetOption__Cvf0_"><div class="FacetOptionLink_rsFacetGroupContainerFacetOptionLinkActive__gPkh9" title="Bonduelle" id="BRAND-Bonduelle"><form method="post" action="/api/prg"><input type="hidden" name="redirectUrl" value="aHR0cHM6Ly9zaG9wLnJld2UuZGUvYy9vYnN0LWdlbXVlc2UvP2JyYW5kPUJvbmR1ZWxsZQ"><button type="submit" class="PostRequestGetForm_PostRequestGetFormButton__9Sp2R"><div class="FacetOptionLinkInner_rsFacetGroupContainerFacetOptionLink__NwS54"><div class="FacetOptionLinkInner_rsFacetGroupContainerFacetOptionCheckbox__qD9YP"><div class="FacetOptionLinkInner_rsFacetGroupContainerFacetOptionCheckboxTick__mNywB FacetOptionLinkInner_rsFacetGroupContainerFacetOptionCheckboxTickInactive__xDQ_I"></div></div><span class="FacetOptionLabel_facetGroupContainerFacetOptionName__PZPeO"><span>Bonduelle</span></span></div></button></form></div></li><li class="FacetOption_rsFacetGroupContainerFacetOption__Cvf0_"><div class="FacetOptionLink_rsFacetGroupContainerFacetOptionLinkActive__gPkh9" title="Chiquita" id="BRAND-Chiquita"><form method="post" action="/api/prg"><input type="hidden" name="redirectUrl" value="aHR0cHM6Ly9zaG9wLnJld2UuZGUvYy9vYnN0LWdlbXVlc2UvP2JyYW5kPUNoaXF1aXRh"><button type="submit" class="PostRequestGetForm_PostRequestGetFormButton__9Sp2R"><div class="FacetOptionLinkInner_rsFacetGroupContainerFacetOptionLink__NwS54"><div class="FacetOptionLinkInner_rsFacetGroupContainerFacetOptionCheckbox__qD9YP"><div class="FacetOptionLinkInner_rsFacetGroupContainerFacetOptionCheckboxTick__mNywB FacetOptionLinkInner_rsFacetGroupContainerFacetOptionCheckboxTickInactive__xDQ_I"></div></div><span class="FacetOptionLabel_facetGroupContainerFacetOptionName__PZPeO"><span>Chiquita</span></span></div></button></form></div></li><li class="FacetOption_rsFacetGroupContainerFacetOption__Cvf0_"><div class="FacetOptionLink_rsFacetGroupContainerFacetOptionLinkActive__gPkh9" title="CLASEN" id="BRAND-CLASEN"><form method="post" action="/api/prg"><input type="hidden" name="redirectUrl" value="aHR0cHM6Ly9zaG9wLnJld2UuZGUvYy9vYnN0LWdlbXVlc2UvP2JyYW5kPUNMQVNFTg"><button type="submit" class="PostRequestGetForm_PostRequestGetFormButton__9Sp2R"><div class="FacetOptionLinkInner_rsFacetGroupContainerFacetOptionLink__NwS54"><div class="FacetOptionLinkInner_rsFacetGroupContainerFacetOptionCheckbox__qD9YP"><div class="FacetOptionLinkInner_rsFacetGroupContainerFacetOptionCheckboxTick__mNywB FacetOptionLinkInner_rsFacetGroupContainerFacetOptionCheckboxTickInactive__xDQ_I"></div></div><span class="FacetOptionLabel_facetGroupContainerFacetOptionName__PZPeO"><span>CLASEN</span></span></div></button></form></div></li><li class="FacetOption_rsFacetGroupContainerFacetOption__Cvf0_"><div class="FacetOptionLink_rsFacetGroupContainerFacetOptionLinkActive__gPkh9" title="Dovgan" id="BRAND-Dovgan"><form method="post" action="/api/prg"><input type="hidden" name="redirectUrl" value="aHR0cHM6Ly9zaG9wLnJld2UuZGUvYy9vYnN0LWdlbXVlc2UvP2JyYW5kPURvdmdhbg"><button type="submit" class="PostRequestGetForm_PostRequestGetFormButton__9Sp2R"><div class="FacetOptionLinkInner_rsFacetGroupContainerFacetOptionLink__NwS54"><div class="FacetOptionLinkInner_rsFacetGroupContainerFacetOptionCheckbox__qD9YP"><div class="FacetOptionLinkInner_rsFacetGroupContainerFacetOptionCheckboxTick__mNywB FacetOptionLinkInner_rsFacetGroupContainerFacetOptionCheckboxTickInactive__xDQ_I"></div></div><span class="FacetOptionLabel_facetGroupContainerFacetOptionName__PZPeO"><span>Dovgan</span></span></div></button></form></div></li><li class="FacetOption_rsFacetGroupContainerFacetOption__Cvf0_"><div class="FacetOptionLink_rsFacetGroupContainerFacetOptionLinkActive__gPkh9" title="Edle Ernte" id="BRAND-Edle Ernte"><form method="post" action="/api/prg"><input type="hidden" name="redirectUrl" value="aHR0cHM6Ly9zaG9wLnJld2UuZGUvYy9vYnN0LWdlbXVlc2UvP2JyYW5kPUVkbGUlMjBFcm50ZQ"><button type="submit" class="PostRequestGetForm_PostRequestGetFormButton__9Sp2R"><div class="FacetOptionLinkInner_rsFacetGroupContainerFacetOptionLink__NwS54"><div class="FacetOptionLinkInner_rsFacetGroupContainerFacetOptionCheckbox__qD9YP"><div class="FacetOptionLinkInner_rsFacetGroupContainerFacetOptionCheckboxTick__mNywB FacetOptionLinkInner_rsFacetGroupContainerFacetOptionCheckboxTickInactive__xDQ_I"></div></div><span class="FacetOptionLabel_facetGroupContainerFacetOptionName__PZPeO"><span>Edle Ernte</span></span></div></button></form></div></li><li class="FacetOption_rsFacetGroupContainerFacetOption__Cvf0_"><div class="FacetOptionLink_rsFacetGroupContainerFacetOptionLinkActive__gPkh9" title="Farmer's Snack" id="BRAND-Farmer's Snack"><form method="post" action="/api/prg"><input type="hidden" name="redirectUrl" value="aHR0cHM6Ly9zaG9wLnJld2UuZGUvYy9vYnN0LWdlbXVlc2UvP2JyYW5kPUZhcm1lciUyN3MlMjBTbmFjaw"><button type="submit" class="PostRequestGetForm_PostRequestGetFormButton__9Sp2R"><div class="FacetOptionLinkInner_rsFacetGroupContainerFacetOptionLink__NwS54"><div class="FacetOptionLinkInner_rsFacetGroupContainerFacetOptionCheckbox__qD9YP"><div class="FacetOptionLinkInner_rsFacetGroupContainerFacetOptionCheckboxTick__mNywB FacetOptionLinkInner_rsFacetGroupContainerFacetOptionCheckboxTickInactive__xDQ_I"></div></div><span class="FacetOptionLabel_facetGroupContainerFacetOptionName__PZPeO"><span>Farmer's Snack</span></span></div></button></form></div></li><li class="FacetOption_rsFacetGroupContainerFacetOption__Cvf0_"><div class="FacetOptionLink_rsFacetGroupContainerFacetOptionLinkActive__gPkh9" title="Florette" id="BRAND-Florette"><form method="post" action="/api/prg"><input type="hidden" name="redirectUrl" value="aHR0cHM6Ly9zaG9wLnJld2UuZGUvYy9vYnN0LWdlbXVlc2UvP2JyYW5kPUZsb3JldHRl"><button type="submit" class="PostRequestGetForm_PostRequestGetFormButton__9Sp2R"><div class="FacetOptionLinkInner_rsFacetGroupContainerFacetOptionLink__NwS54"><div class="FacetOptionLinkInner_rsFacetGroupContainerFacetOptionCheckbox__qD9YP"><div class="FacetOptionLinkInner_rsFacetGroupContainerFacetOptionCheckboxTick__mNywB FacetOptionLinkInner_rsFacetGroupContainerFacetOptionCheckboxTickInactive__xDQ_I"></div></div><span class="FacetOptionLabel_facetGroupContainerFacetOptionName__PZPeO"><span>Florette</span></span></div></button></form></div></li><li class="FacetOption_rsFacetGroupContainerFacetOption__Cvf0_"><div class="FacetOptionLink_rsFacetGroupContainerFacetOptionLinkActive__gPkh9" title="Fruit King" id="BRAND-Fruit King"><form method="post" action="/api/prg"><input type="hidden" name="redirectUrl" value="aHR0cHM6Ly9zaG9wLnJld2UuZGUvYy9vYnN0LWdlbXVlc2UvP2JyYW5kPUZydWl0JTIwS2luZw"><button type="submit" class="PostRequestGetForm_PostRequestGetFormButton__9Sp2R"><div class="FacetOptionLinkInner_rsFacetGroupContainerFacetOptionLink__NwS54"><div class="FacetOptionLinkInner_rsFacetGroupContainerFacetOptionCheckbox__qD9YP"><div class="FacetOptionLinkInner_rsFacetGroupContainerFacetOptionCheckboxTick__mNywB FacetOptionLinkInner_rsFacetGroupContainerFacetOptionCheckboxTickInactive__xDQ_I"></div></div><span class="FacetOptionLabel_facetGroupContainerFacetOptionName__PZPeO"><span>Fruit King</span></span></div></button></form></div></li><li class="FacetOption_rsFacetGroupContainerFacetOption__Cvf0_"><div class="FacetOptionLink_rsFacetGroupContainerFacetOptionLinkActive__gPkh9" title="Kluth" id="BRAND-Kluth"><form method="post" action="/api/prg"><input type="hidden" name="redirectUrl" value="aHR0cHM6Ly9zaG9wLnJld2UuZGUvYy9vYnN0LWdlbXVlc2UvP2JyYW5kPUtsdXRo"><button type="submit" class="PostRequestGetForm_PostRequestGetFormButton__9Sp2R"><div class="FacetOptionLinkInner_rsFacetGroupContainerFacetOptionLink__NwS54"><div class="FacetOptionLinkInner_rsFacetGroupContainerFacetOptionCheckbox__qD9YP"><div class="FacetOptionLinkInner_rsFacetGroupContainerFacetOptionCheckboxTick__mNywB FacetOptionLinkInner_rsFacetGroupContainerFacetOptionCheckboxTickInactive__xDQ_I"></div></div><span class="FacetOptionLabel_facetGroupContainerFacetOptionName__PZPeO"><span>Kluth</span></span></div></button></form></div></li><li class="FacetOption_rsFacetGroupContainerFacetOption__Cvf0_"><div class="FacetOptionLink_rsFacetGroupContainerFacetOptionLinkActive__gPkh9" title="Maryland" id="BRAND-Maryland"><form method="post" action="/api/prg"><input type="hidden" name="redirectUrl" value="aHR0cHM6Ly9zaG9wLnJld2UuZGUvYy9vYnN0LWdlbXVlc2UvP2JyYW5kPU1hcnlsYW5k"><button type="submit" class="PostRequestGetForm_PostRequestGetFormButton__9Sp2R"><div class="FacetOptionLinkInner_rsFacetGroupContainerFacetOptionLink__NwS54"><div class="FacetOptionLinkInner_rsFacetGroupContainerFacetOptionCheckbox__qD9YP"><div class="FacetOptionLinkInner_rsFacetGroupContainerFacetOptionCheckboxTick__mNywB FacetOptionLinkInner_rsFacetGroupContainerFacetOptionCheckboxTickInactive__xDQ_I"></div></div><span class="FacetOptionLabel_facetGroupContainerFacetOptionName__PZPeO"><span>Maryland</span></span></div></button></form></div></li><li class="FacetOption_rsFacetGroupContainerFacetOption__Cvf0_"><div class="FacetOptionLink_rsFacetGroupContainerFacetOptionLinkActive__gPkh9" title="Ready to eat" id="BRAND-Ready to eat"><form method="post" action="/api/prg"><input type="hidden" name="redirectUrl" value="aHR0cHM6Ly9zaG9wLnJld2UuZGUvYy9vYnN0LWdlbXVlc2UvP2JyYW5kPVJlYWR5JTIwdG8lMjBlYXQ"><button type="submit" class="PostRequestGetForm_PostRequestGetFormButton__9Sp2R"><div class="FacetOptionLinkInner_rsFacetGroupContainerFacetOptionLink__NwS54"><div class="FacetOptionLinkInner_rsFacetGroupContainerFacetOptionCheckbox__qD9YP"><div class="FacetOptionLinkInner_rsFacetGroupContainerFacetOptionCheckboxTick__mNywB FacetOptionLinkInner_rsFacetGroupContainerFacetOptionCheckboxTickInactive__xDQ_I"></div></div><span class="FacetOptionLabel_facetGroupContainerFacetOptionName__PZPeO"><span>Ready to eat</span></span></div></button></form></div></li><li class="FacetOption_rsFacetGroupContainerFacetOption__Cvf0_"><div class="FacetOptionLink_rsFacetGroupContainerFacetOptionLinkActive__gPkh9" title="REWE" id="BRAND-REWE"><form method="post" action="/api/prg"><input type="hidden" name="redirectUrl" value="aHR0cHM6Ly9zaG9wLnJld2UuZGUvYy9vYnN0LWdlbXVlc2UvP2JyYW5kPVJFV0U"><button type="submit" class="PostRequestGetForm_PostRequestGetFormButton__9Sp2R"><div class="FacetOptionLinkInner_rsFacetGroupContainerFacetOptionLink__NwS54"><div class="FacetOptionLinkInner_rsFacetGroupContainerFacetOptionCheckbox__qD9YP"><div class="FacetOptionLinkInner_rsFacetGroupContainerFacetOptionCheckboxTick__mNywB FacetOptionLinkInner_rsFacetGroupContainerFacetOptionCheckboxTickInactive__xDQ_I"></div></div><span class="FacetOptionLabel_facetGroupContainerFacetOptionName__PZPeO"><span>REWE</span></span></div></button></form></div></li><li class="FacetOption_rsFacetGroupContainerFacetOption__Cvf0_"><div class="FacetOptionLink_rsFacetGroupContainerFacetOptionLinkActive__gPkh9" title="REWE Regional" id="BRAND-REWE Regional"><form method="post" action="/api/prg"><input type="hidden" name="redirectUrl" value="aHR0cHM6Ly9zaG9wLnJld2UuZGUvYy9vYnN0LWdlbXVlc2UvP2JyYW5kPVJFV0UlMjBSZWdpb25hbA"><button type="submit" class="PostRequestGetForm_PostRequestGetFormButton__9Sp2R"><div class="FacetOptionLinkInner_rsFacetGroupContainerFacetOptionLink__NwS54"><div class="FacetOptionLinkInner_rsFacetGroupContainerFacetOptionCheckbox__qD9YP"><div class="FacetOptionLinkInner_rsFacetGroupContainerFacetOptionCheckboxTick__mNywB FacetOptionLinkInner_rsFacetGroupContainerFacetOptionCheckboxTickInactive__xDQ_I"></div></div><span class="FacetOptionLabel_facetGroupContainerFacetOptionName__PZPeO"><span>REWE Regional</span></span></div></button></form></div></li><li class="FacetOption_rsFacetGroupContainerFacetOption__Cvf0_"><div class="FacetOptionLink_rsFacetGroupContainerFacetOptionLinkActive__gPkh9" title="REWE to go" id="BRAND-REWE to go"><form method="post" action="/api/prg"><input type="hidden" name="redirectUrl" value="aHR0cHM6Ly9zaG9wLnJld2UuZGUvYy9vYnN0LWdlbXVlc2UvP2JyYW5kPVJFV0UlMjB0byUyMGdv"><button type="submit" class="PostRequestGetForm_PostRequestGetFormButton__9Sp2R"><div class="FacetOptionLinkInner_rsFacetGroupContainerFacetOptionLink__NwS54"><div class="FacetOptionLinkInner_rsFacetGroupContainerFacetOptionCheckbox__qD9YP"><div class="FacetOptionLinkInner_rsFacetGroupContainerFacetOptionCheckboxTick__mNywB FacetOptionLinkInner_rsFacetGroupContainerFacetOptionCheckboxTickInactive__xDQ_I"></div></div><span class="FacetOptionLabel_facetGroupContainerFacetOptionName__PZPeO"><span>REWE to go</span></span></div></button></form></div></li><li class="FacetOption_rsFacetGroupContainerFacetOption__Cvf0_"><div class="FacetOptionLink_rsFacetGroupContainerFacetOptionLinkActive__gPkh9" title="Seeberger" id="BRAND-Seeberger"><form method="post" action="/api/prg"><input type="hidden" name="redirectUrl" value="aHR0cHM6Ly9zaG9wLnJld2UuZGUvYy9vYnN0LWdlbXVlc2UvP2JyYW5kPVNlZWJlcmdlcg"><button type="submit" class="PostRequestGetForm_PostRequestGetFormButton__9Sp2R"><div class="FacetOptionLinkInner_rsFacetGroupContainerFacetOptionLink__NwS54"><div class="FacetOptionLinkInner_rsFacetGroupContainerFacetOptionCheckbox__qD9YP"><div class="FacetOptionLinkInner_rsFacetGroupContainerFacetOptionCheckboxTick__mNywB FacetOptionLinkInner_rsFacetGroupContainerFacetOptionCheckboxTickInactive__xDQ_I"></div></div><span class="FacetOptionLabel_facetGroupContainerFacetOptionName__PZPeO"><span>Seeberger</span></span></div></button></form></div></li><li class="FacetOption_rsFacetGroupContainerFacetOption__Cvf0_"><div class="FacetOptionLink_rsFacetGroupContainerFacetOptionLinkActive__gPkh9" title="Valensina" id="BRAND-Valensina"><form method="post" action="/api/prg"><input type="hidden" name="redirectUrl" value="aHR0cHM6Ly9zaG9wLnJld2UuZGUvYy9vYnN0LWdlbXVlc2UvP2JyYW5kPVZhbGVuc2luYQ"><button type="submit" class="PostRequestGetForm_PostRequestGetFormButton__9Sp2R"><div class="FacetOptionLinkInner_rsFacetGroupContainerFacetOptionLink__NwS54"><div class="FacetOptionLinkInner_rsFacetGroupContainerFacetOptionCheckbox__qD9YP"><div class="FacetOptionLinkInner_rsFacetGroupContainerFacetOptionCheckboxTick__mNywB FacetOptionLinkInner_rsFacetGroupContainerFacetOptionCheckboxTickInactive__xDQ_I"></div></div><span class="FacetOptionLabel_facetGroupContainerFacetOptionName__PZPeO"><span>Valensina</span></span></div></button></form></div></li></ul></div></div></div></div></li></ul></aside><main class="ProductList_rsPageableProductList__5ocgO ProductList_rsQaPageableProductList__bU3Vy"><div class="QuickFacetChips_quickFacetChipContainer__pM9gi"><div class="QuickFacetChips_quickFacetFadeOut__NQkVW QuickFacetChips_left__Og26Z QuickFacetChips_hidden__SSQuD"></div><form method="post" action="/api/prg"><input type="hidden" name="redirectUrl" value="aHR0cHM6Ly9zaG9wLnJld2UuZGUvYy9vYnN0LWdlbXVlc2UvP2F0dHJpYnV0ZT1kaXNjb3VudGVk"><button type="submit" class="PostRequestGetForm_PostRequestGetFormButton__9Sp2R"><div class="QuickFacetChips_quickFacetChip__1ika3" id="quick_facet_discounted"><span id="quick_facet_discounted_icon" class="QuickFacetChips_quickFacetChipIcon__apCbX QuickFacetChips_iconDiscounted__4_5oE"></span><span class="QuickFacetChips_quickFacetChipLabel__Io2kV">Angebote</span><span id="quick_facet_discounted_count" class="QuickFacetChips_quickFacetChipCount__yDW_Z">15</span></div></button></form><form method="post" action="/api/prg"><input type="hidden" name="redirectUrl" value="aHR0cHM6Ly9zaG9wLnJld2UuZGUvYy9vYnN0LWdlbXVlc2UvP2F0dHJpYnV0ZT1vcmdhbmlj"><button type="submit" class="PostRequestGetForm_PostRequestGetFormButton__9Sp2R"><div class="QuickFacetChips_quickFacetChip__1ika3" id="quick_facet_organic"><span id="quick_facet_organic_icon" class="QuickFacetChips_quickFacetChipIcon__apCbX QuickFacetChips_iconOrganic__xou2f"></span><span class="QuickFacetChips_quickFacetChipLabel__Io2kV">Bio</span><span id="quick_facet_organic_count" class="QuickFacetChips_quickFacetChipCount__yDW_Z">46</span></div></button></form><div class="QuickFacetChips_quickFacetFadeOut__NQkVW QuickFacetChips_right__AMrkn"></div></div><div class="ProductList_rsPageableProductListWrapper__v1cS_"><div class="search-service-rsTiles search-service-rsQaTiles search-service-rsTilesDefault ProductTiles_productTiles__70qRZ"><div class="search-service-product Product_product__maAwA" aria-labelledby="8-25825565-d1d1e1d1-b919-4288-879f-a0361c836ff4-product-title"><div><input type="hidden" name="nan" value="5825563"><input type="hidden" name="listingId" value="8-25825565-d1d1e1d1-b919-4288-879f-a0361c836ff4"></div><div class="search-service-productDetailsWrapper Product_productDetailsWrapper__bX_s8"><a class="search-service-productDetailsLink Product_productDetailsLink__hXXfb" href="/p/apfel-braeburn-rot-ca-200g/5825563"><div class="search-service-pictureWrapper ProductMediaWrapper_pictureWrapper__ZHKoX"><div class="search-service-productPicture ProductMediaWrapper_productPicture__OXMYf"><div class="search-service-rsProductsMedia ProductMedia_rsProductsMedia__TgDb_"><picture><source srcset="https://img.rewe-static.de/5825563/24568906_digital-image.png?resize=152px:152px&amp;output-quality=80&amp;output-format=webp&amp;im=BackgroundColor,color=fffff 152w, https://img.rewe-static.de/5825563/24568906_digital-image.png?resize=304px:304px&amp;output-quality=80&amp;output-format=webp&amp;im=BackgroundColor,color=fffff 304w, https://img.rewe-static.de/5825563/24568906_digital-image.png?resize=456px:456px&amp;output-quality=80&amp;output-format=webp&amp;im=BackgroundColor,color=fffff 456w, https://img.rewe-static.de/5825563/24568906_digital-image.png?resize=88px:88px&amp;output-quality=80&amp;output-format=webp&amp;im=BackgroundColor,color=fffff 88w, https://img.rewe-static.de/5825563/24568906_digital-image.png?resize=176px:176px&amp;output-quality=80&amp;output-format=webp&amp;im=BackgroundColor,color=fffff 176w, https://img.rewe-static.de/5825563/24568906_digital-image.png?resize=264px:264px&amp;output-quality=80&amp;output-format=webp&amp;im=BackgroundColor,color=fffff 264w" sizes="(min-width: 580px) 152px, 88px" type="image/webp"><source srcset="https://img.rewe-static.de/5825563/24568906_digital-image.png?resize=152px:152px&amp;output-quality=80&amp;output-format=jpeg2000&amp;im=BackgroundColor,color=fffff 152w, https://img.rewe-static.de/5825563/24568906_digital-image.png?resize=304px:304px&amp;output-quality=80&amp;output-format=jpeg2000&amp;im=BackgroundColor,color=fffff 304w, https://img.rewe-static.de/5825563/24568906_digital-image.png?resize=456px:456px&amp;output-quality=80&amp;output-format=jpeg2000&amp;im=BackgroundColor,color=fffff 456w, https://img.rewe-static.de/5825563/24568906_digital-image.png?resize=88px:88px&amp;output-quality=80&amp;output-format=jpeg2000&amp;im=BackgroundColor,color=fffff 88w, https://img.rewe-static.de/5825563/24568906_digital-image.png?resize=176px:176px&amp;output-quality=80&amp;output-format=jpeg2000&amp;im=BackgroundColor,color=fffff 176w, https://img.rewe-static.de/5825563/24568906_digital-image.png?resize=264px:264px&amp;output-quality=80&amp;output-format=jpeg2000&amp;im=BackgroundColor,color=fffff 264w" sizes="(min-width: 580px) 152px, 88px" type="image/jp2"><source srcset="https://img.rewe-static.de/5825563/24568906_digital-image.png?resize=152px:152px&amp;output-quality=80&amp;output-format=jpeg&amp;im=BackgroundColor,color=fffff 152w, https://img.rewe-static.de/5825563/24568906_digital-image.png?resize=304px:304px&amp;output-quality=80&amp;output-format=jpeg&amp;im=BackgroundColor,color=fffff 304w, https://img.rewe-static.de/5825563/24568906_digital-image.png?resize=456px:456px&amp;output-quality=80&amp;output-format=jpeg&amp;im=BackgroundColor,color=fffff 456w, https://img.rewe-static.de/5825563/24568906_digital-image.png?resize=88px:88px&amp;output-quality=80&amp;output-format=jpeg&amp;im=BackgroundColor,color=fffff 88w, https://img.rewe-static.de/5825563/24568906_digital-image.png?resize=176px:176px&amp;output-quality=80&amp;output-format=jpeg&amp;im=BackgroundColor,color=fffff 176w, https://img.rewe-static.de/5825563/24568906_digital-image.png?resize=264px:264px&amp;output-quality=80&amp;output-format=jpeg&amp;im=BackgroundColor,color=fffff 264w" sizes="(min-width: 580px) 152px, 88px"><img src="https://img.rewe-static.de/5825563/24568906_digital-image.png?resize=152px:152px&amp;output-quality=80&amp;output-format=jpeg&amp;im=BackgroundColor,color=fffff" alt="Apfel Braeburn rot ca. 200g" width="152" height="152"></picture></div></div><div class="BadgesContainer_productBadges__mIOO1 search-service-productBadges"></div></div><div class="ProductDetailsWrapper_productDetails__7vI_z search-service-productDetails"><div class="ProductDetailsWrapper_partnerName__CqluS search-service-partnerName ProductDetailsWrapper_partnerNameEmpty__c5rTb search-service-partnerNameEmpty"></div><div class="ProductDetailsWrapper_productTitleWrapper__nJ1Fr search-service-productTitleWrapper"><h4 class="ProductDetailsWrapper_productTitle__XjgsA search-service-productTitle" id="8-25825565-d1d1e1d1-b919-4288-879f-a0361c836ff4-product-title"><div class="LinesEllipsis  ">Apfel Braeburn rot ca. 200g<wbr></div></h4></div><div class="ProductGrammage_productGrammage__fMOJr search-service-productGrammage"><div>1 Stück ca. 200 g (1 kg = 2,99 €)</div></div><div class="search-service-productDetailsFill ProductDetailsWrapper_productDetailsFill__TNboB"></div><div><div class="search-service-productPrice ProductPriceDisplay_productPrice__pqWxK">0,60 €</div></div></div></a></div><div class="search-service-basketButtons Product_basketButtons__SYAkC"><div class="search-service-ProductActions ProductActions_ProductActions__D_l5E"><meso-data data-listingid="8-25825565-d1d1e1d1-b919-4288-879f-a0361c836ff4" data-productid="5825563" data-orderlimit="99" data-amount="1" data-context="product-list-navigation"><div class="search-service-addToCartHandlerWrapper Add2CartHandler_addToCartHandlerWrapper__bvELT"><div class="bs_add2cart_container"><div class="lrms-favorite-button-container"><div class="lrms-addToFavMesoContainer"><div class="lrms-addToFavWrapper"><button class="lrms-addToFavHeartButton" data-cy="favorites-button_8-25825565-d1d1e1d1-b919-4288-879f-a0361c836ff4"><img src="https://shop.rewe-static.de/rewe-myproducts/static-images/tab-icon-heart_v2_1.svg" alt="Zu Favoriten hinzufügen"></button></div></div></div><script type="application/json" class="favoritebutton-propstore">{"additionalUiData":{"assetBaseUrl":"https://shop.rewe-static.de/rewe-myproducts/1460f8b0a79573560094733389e74ebb95f3137b","staticAssetBaseUrl":"https://shop.rewe-static.de/rewe-myproducts","favoritesBaseUrl":"/api/favorites","anonymousFavoritesBaseUrl":"/api/anonymousfavorites"},"testgroups":["MENGENRABATTIERUNG","HIDE_REGULAR_PRICE"],"togglz":[]}</script><div class="bs_amount-handler bs_add2cart bs_amount-zero without-animation" data-is-initialized="true"><button class="basket-button bs_amount-minus basket_ripple" disabled=""></button><input type="number" pattern="[0-9]*" value="0" class="basket-input bs_amount-input" autocomplete="off"><button class="basket-button bs_amount-plus basket_ripple" aria-label="Artikel zum Warenkorb hinzufügen"></button></div></div><script type="text/javascript">
                    if (!window.ReweBasket) {
                        window.ReweBasket = {}
                    }
                </script><script type="text/javascript">
                    (function () {
                      var event = 'basket:addToBasketbuttonV2Render';
                      var customEvent;
                      var data = {};
                      if (typeof CustomEvent === 'function') {
                          customEvent = new CustomEvent(event, {detail: data});
                      } else {
                          customEvent = document.createEvent('CustomEvent');
                          customEvent.initCustomEvent(event, false, false, data);
                      }
                      document.dispatchEvent(customEvent);
                    })();
                </script></div></meso-data></div></div></div><div class="search-service-product Product_product__maAwA Product_productSponsoredTile__4xUjJ" aria-labelledby="8-21428876-d1d1e1d1-b919-4288-879f-a0361c836ff4-product-title"><div><input type="hidden" name="nan" value="1428871"><input type="hidden" name="listingId" value="8-21428876-d1d1e1d1-b919-4288-879f-a0361c836ff4"></div><div class="search-service-productDetailsWrapper Product_productDetailsWrapper__bX_s8"><a class="search-service-productDetailsLink Product_productDetailsLink__hXXfb" href="/p/apfel-jazz-scifresh-ca-960g-in-der-schale/1428871?source=pl"><div class="search-service-pictureWrapper ProductMediaWrapper_pictureWrapper__ZHKoX"><div class="ProductMediaWrapper_sponsoredBadge__40sCI">Gesponsert</div><div class="search-service-productPicture ProductMediaWrapper_productPicture__OXMYf"><div class="search-service-rsProductsMedia ProductMedia_rsProductsMedia__TgDb_"><picture><source srcset="https://img.rewe-static.de/1428871/23271235_digital-image.png?resize=152px:152px&amp;output-quality=80&amp;output-format=webp&amp;im=BackgroundColor,color=fffff 152w, https://img.rewe-static.de/1428871/23271235_digital-image.png?resize=304px:304px&amp;output-quality=80&amp;output-format=webp&amp;im=BackgroundColor,color=fffff 304w, https://img.rewe-static.de/1428871/23271235_digital-image.png?resize=456px:456px&amp;output-quality=80&amp;output-format=webp&amp;im=BackgroundColor,color=fffff 456w, https://img.rewe-static.de/1428871/23271235_digital-image.png?resize=88px:88px&amp;output-quality=80&amp;output-format=webp&amp;im=BackgroundColor,color=fffff 88w, https://img.rewe-static.de/1428871/23271235_digital-image.png?resize=176px:176px&amp;output-quality=80&amp;output-format=webp&amp;im=BackgroundColor,color=fffff 176w, https://img.rewe-static.de/1428871/23271235_digital-image.png?resize=264px:264px&amp;output-quality=80&amp;output-format=webp&amp;im=BackgroundColor,color=fffff 264w" sizes="(min-width: 580px) 152px, 88px" type="image/webp"><source srcset="https://img.rewe-static.de/1428871/23271235_digital-image.png?resize=152px:152px&amp;output-quality=80&amp;output-format=jpeg2000&amp;im=BackgroundColor,color=fffff 152w, https://img.rewe-static.de/1428871/23271235_digital-image.png?resize=304px:304px&amp;output-quality=80&amp;output-format=jpeg2000&amp;im=BackgroundColor,color=fffff 304w, https://img.rewe-static.de/1428871/23271235_digital-image.png?resize=456px:456px&amp;output-quality=80&amp;output-format=jpeg2000&amp;im=BackgroundColor,color=fffff 456w, https://img.rewe-static.de/1428871/23271235_digital-image.png?resize=88px:88px&amp;output-quality=80&amp;output-format=jpeg2000&amp;im=BackgroundColor,color=fffff 88w, https://img.rewe-static.de/1428871/23271235_digital-image.png?resize=176px:176px&amp;output-quality=80&amp;output-format=jpeg2000&amp;im=BackgroundColor,color=fffff 176w, https://img.rewe-static.de/1428871/23271235_digital-image.png?resize=264px:264px&amp;output-quality=80&amp;output-format=jpeg2000&amp;im=BackgroundColor,color=fffff 264w" sizes="(min-width: 580px) 152px, 88px" type="image/jp2"><source srcset="https://img.rewe-static.de/1428871/23271235_digital-image.png?resize=152px:152px&amp;output-quality=80&amp;output-format=jpeg&amp;im=BackgroundColor,color=fffff 152w, https://img.rewe-static.de/1428871/23271235_digital-image.png?resize=304px:304px&amp;output-quality=80&amp;output-format=jpeg&amp;im=BackgroundColor,color=fffff 304w, https://img.rewe-static.de/1428871/23271235_digital-image.png?resize=456px:456px&amp;output-quality=80&amp;output-format=jpeg&amp;im=BackgroundColor,color=fffff 456w, https://img.rewe-static.de/1428871/23271235_digital-image.png?resize=88px:88px&amp;output-quality=80&amp;output-format=jpeg&amp;im=BackgroundColor,color=fffff 88w, https://img.rewe-static.de/1428871/23271235_digital-image.png?resize=176px:176px&amp;output-quality=80&amp;output-format=jpeg&amp;im=BackgroundColor,color=fffff 176w, https://img.rewe-static.de/1428871/23271235_digital-image.png?resize=264px:264px&amp;output-quality=80&amp;output-format=jpeg&amp;im=BackgroundColor,color=fffff 264w" sizes="(min-width: 580px) 152px, 88px"><img src="https://img.rewe-static.de/1428871/23271235_digital-image.png?resize=152px:152px&amp;output-quality=80&amp;output-format=jpeg&amp;im=BackgroundColor,color=fffff" alt="Apfel Jazz Scifresh ca. 960g in der Schale" width="152" height="152"></picture></div></div><div class="BadgesContainer_productBadges__mIOO1 search-service-productBadges"></div></div><div class="ProductDetailsWrapper_productDetails__7vI_z search-service-productDetails"><div class="ProductDetailsWrapper_partnerName__CqluS search-service-partnerName ProductDetailsWrapper_partnerNameEmpty__c5rTb search-service-partnerNameEmpty"></div><div class="ProductDetailsWrapper_productTitleWrapper__nJ1Fr search-service-productTitleWrapper"><h4 class="ProductDetailsWrapper_productTitle__XjgsA search-service-productTitle" id="8-21428876-d1d1e1d1-b919-4288-879f-a0361c836ff4-product-title"><div class="LinesEllipsis  ">Apfel Jazz Scifresh ca. 960g in der Schale<wbr></div></h4></div><div class="ProductGrammage_productGrammage__fMOJr search-service-productGrammage"><div>1 Stück</div></div><div class="search-service-productDetailsFill ProductDetailsWrapper_productDetailsFill__TNboB"></div><div><div class="search-service-productPrice ProductPriceDisplay_productPrice__pqWxK">3,69 €</div></div></div></a></div><div class="search-service-basketButtons Product_basketButtons__SYAkC"><div class="search-service-ProductActions ProductActions_ProductActions__D_l5E"><meso-data data-listingid="8-21428876-d1d1e1d1-b919-4288-879f-a0361c836ff4" data-productid="1428871" data-orderlimit="99" data-amount="1" data-context="product-list-navigation"><div class="search-service-addToCartHandlerWrapper Add2CartHandler_addToCartHandlerWrapper__bvELT"><div class="bs_add2cart_container"><div class="lrms-favorite-button-container"><div class="lrms-addToFavMesoContainer"><div class="lrms-addToFavWrapper"><button class="lrms-addToFavHeartButton" data-cy="favorites-button_8-21428876-d1d1e1d1-b919-4288-879f-a0361c836ff4"><img src="https://shop.rewe-static.de/rewe-myproducts/static-images/tab-icon-heart_v2_1.svg" alt="Zu Favoriten hinzufügen"></button></div></div></div><script type="application/json" class="favoritebutton-propstore">{"additionalUiData":{"assetBaseUrl":"https://shop.rewe-static.de/rewe-myproducts/1460f8b0a79573560094733389e74ebb95f3137b","staticAssetBaseUrl":"https://shop.rewe-static.de/rewe-myproducts","favoritesBaseUrl":"/api/favorites","anonymousFavoritesBaseUrl":"/api/anonymousfavorites"},"testgroups":["MENGENRABATTIERUNG","HIDE_REGULAR_PRICE"],"togglz":[]}</script><div class="bs_amount-handler bs_add2cart bs_amount-zero without-animation" data-is-initialized="true"><button class="basket-button bs_amount-minus basket_ripple" disabled=""></button><input type="number" pattern="[0-9]*" value="0" class="basket-input bs_amount-input" autocomplete="off"><button class="basket-button bs_amount-plus basket_ripple" aria-label="Artikel zum Warenkorb hinzufügen"></button></div></div><script type="text/javascript">
                    if (!window.ReweBasket) {
                        window.ReweBasket = {}
                    }
                </script><script type="text/javascript">
                    (function () {
                      var event = 'basket:addToBasketbuttonV2Render';
                      var customEvent;
                      var data = {};
                      if (typeof CustomEvent === 'function') {
                          customEvent = new CustomEvent(event, {detail: data});
                      } else {
                          customEvent = document.createEvent('CustomEvent');
                          customEvent.initCustomEvent(event, false, false, data);
                      }
                      document.dispatchEvent(customEvent);
                    })();
                </script></div></meso-data></div></div></div><div class="search-service-product Product_product__maAwA Product_productSponsoredTile__4xUjJ" aria-labelledby="8-27230923-d1d1e1d1-b919-4288-879f-a0361c836ff4-product-title"><div><input type="hidden" name="nan" value="7230923"><input type="hidden" name="listingId" value="8-27230923-d1d1e1d1-b919-4288-879f-a0361c836ff4"></div><div class="search-service-productDetailsWrapper Product_productDetailsWrapper__bX_s8"><a class="search-service-productDetailsLink Product_productDetailsLink__hXXfb" href="/p/chiquita-banane-ca-200g/7230923?source=pl"><div class="search-service-pictureWrapper ProductMediaWrapper_pictureWrapper__ZHKoX"><div class="ProductMediaWrapper_sponsoredBadge__40sCI">Gesponsert</div><div class="search-service-productPicture ProductMediaWrapper_productPicture__OXMYf"><div class="search-service-rsProductsMedia ProductMedia_rsProductsMedia__TgDb_"><picture><source srcset="https://img.rewe-static.de/7230923/24568904_digital-image.png?resize=152px:152px&amp;output-quality=80&amp;output-format=webp&amp;im=BackgroundColor,color=fffff 152w, https://img.rewe-static.de/7230923/24568904_digital-image.png?resize=304px:304px&amp;output-quality=80&amp;output-format=webp&amp;im=BackgroundColor,color=fffff 304w, https://img.rewe-static.de/7230923/24568904_digital-image.png?resize=456px:456px&amp;output-quality=80&amp;output-format=webp&amp;im=BackgroundColor,color=fffff 456w, https://img.rewe-static.de/7230923/24568904_digital-image.png?resize=88px:88px&amp;output-quality=80&amp;output-format=webp&amp;im=BackgroundColor,color=fffff 88w, https://img.rewe-static.de/7230923/24568904_digital-image.png?resize=176px:176px&amp;output-quality=80&amp;output-format=webp&amp;im=BackgroundColor,color=fffff 176w, https://img.rewe-static.de/7230923/24568904_digital-image.png?resize=264px:264px&amp;output-quality=80&amp;output-format=webp&amp;im=BackgroundColor,color=fffff 264w" sizes="(min-width: 580px) 152px, 88px" type="image/webp"><source srcset="https://img.rewe-static.de/7230923/24568904_digital-image.png?resize=152px:152px&amp;output-quality=80&amp;output-format=jpeg2000&amp;im=BackgroundColor,color=fffff 152w, https://img.rewe-static.de/7230923/24568904_digital-image.png?resize=304px:304px&amp;output-quality=80&amp;output-format=jpeg2000&amp;im=BackgroundColor,color=fffff 304w, https://img.rewe-static.de/7230923/24568904_digital-image.png?resize=456px:456px&amp;output-quality=80&amp;output-format=jpeg2000&amp;im=BackgroundColor,color=fffff 456w, https://img.rewe-static.de/7230923/24568904_digital-image.png?resize=88px:88px&amp;output-quality=80&amp;output-format=jpeg2000&amp;im=BackgroundColor,color=fffff 88w, https://img.rewe-static.de/7230923/24568904_digital-image.png?resize=176px:176px&amp;output-quality=80&amp;output-format=jpeg2000&amp;im=BackgroundColor,color=fffff 176w, https://img.rewe-static.de/7230923/24568904_digital-image.png?resize=264px:264px&amp;output-quality=80&amp;output-format=jpeg2000&amp;im=BackgroundColor,color=fffff 264w" sizes="(min-width: 580px) 152px, 88px" type="image/jp2"><source srcset="https://img.rewe-static.de/7230923/24568904_digital-image.png?resize=152px:152px&amp;output-quality=80&amp;output-format=jpeg&amp;im=BackgroundColor,color=fffff 152w, https://img.rewe-static.de/7230923/24568904_digital-image.png?resize=304px:304px&amp;output-quality=80&amp;output-format=jpeg&amp;im=BackgroundColor,color=fffff 304w, https://img.rewe-static.de/7230923/24568904_digital-image.png?resize=456px:456px&amp;output-quality=80&amp;output-format=jpeg&amp;im=BackgroundColor,color=fffff 456w, https://img.rewe-static.de/7230923/24568904_digital-image.png?resize=88px:88px&amp;output-quality=80&amp;output-format=jpeg&amp;im=BackgroundColor,color=fffff 88w, https://img.rewe-static.de/7230923/24568904_digital-image.png?resize=176px:176px&amp;output-quality=80&amp;output-format=jpeg&amp;im=BackgroundColor,color=fffff 176w, https://img.rewe-static.de/7230923/24568904_digital-image.png?resize=264px:264px&amp;output-quality=80&amp;output-format=jpeg&amp;im=BackgroundColor,color=fffff 264w" sizes="(min-width: 580px) 152px, 88px"><img src="https://img.rewe-static.de/7230923/24568904_digital-image.png?resize=152px:152px&amp;output-quality=80&amp;output-format=jpeg&amp;im=BackgroundColor,color=fffff" alt="Chiquita Banane ca. 200g" width="152" height="152"></picture></div></div><div class="BadgesContainer_productBadges__mIOO1 search-service-productBadges"><div class="badge_style_badgeItem__vUyhV search-service-badgeItem badge_style_offerBadge__g2br1 search-service-offerBadge">%</div></div></div><div class="ProductDetailsWrapper_productDetails__7vI_z search-service-productDetails"><div class="ProductDetailsWrapper_partnerName__CqluS search-service-partnerName ProductDetailsWrapper_partnerNameEmpty__c5rTb search-service-partnerNameEmpty"></div><div class="ProductDetailsWrapper_productTitleWrapper__nJ1Fr search-service-productTitleWrapper"><h4 class="ProductDetailsWrapper_productTitle__XjgsA search-service-productTitle" id="8-27230923-d1d1e1d1-b919-4288-879f-a0361c836ff4-product-title"><div class="LinesEllipsis  ">Chiquita Banane ca. 200g<wbr></div></h4></div><div class="ProductGrammage_productGrammage__fMOJr search-service-productGrammage"><div>1 Stück ca. 200 g (1 kg = 1,59 €)</div></div><div class="search-service-productDetailsFill ProductDetailsWrapper_productDetailsFill__TNboB"></div><div><div class="search-service-productOffer DiscountElements_productOffer__Oh1_0"><div class="search-service-productOfferFirstLine DiscountElements_productOfferFirstLine__s4lCO"><div class="search-service-productOfferDuration DiscountElements_productOfferDuration__gRZTl">bis <!-- -->15.10.2022</div></div><div class="search-service-productOfferSecondLine DiscountElements_productOfferSecondLine__7f_Wd"><div class="search-service-productOfferPrice DiscountElements_productOfferPrice__nOtuY">0,32 €</div></div></div></div></div></a></div><div class="search-service-basketButtons Product_basketButtons__SYAkC"><div class="search-service-ProductActions ProductActions_ProductActions__D_l5E"><meso-data data-listingid="8-27230923-d1d1e1d1-b919-4288-879f-a0361c836ff4" data-productid="7230923" data-orderlimit="15" data-amount="1" data-context="product-list-navigation"><div class="search-service-addToCartHandlerWrapper Add2CartHandler_addToCartHandlerWrapper__bvELT"><div class="bs_add2cart_container"><div class="lrms-favorite-button-container"><div class="lrms-addToFavMesoContainer"><div class="lrms-addToFavWrapper"><button class="lrms-addToFavHeartButton" data-cy="favorites-button_8-27230923-d1d1e1d1-b919-4288-879f-a0361c836ff4"><img src="https://shop.rewe-static.de/rewe-myproducts/static-images/tab-icon-heart_v2_1.svg" alt="Zu Favoriten hinzufügen"></button></div></div></div><script type="application/json" class="favoritebutton-propstore">{"additionalUiData":{"assetBaseUrl":"https://shop.rewe-static.de/rewe-myproducts/1460f8b0a79573560094733389e74ebb95f3137b","staticAssetBaseUrl":"https://shop.rewe-static.de/rewe-myproducts","favoritesBaseUrl":"/api/favorites","anonymousFavoritesBaseUrl":"/api/anonymousfavorites"},"testgroups":["MENGENRABATTIERUNG","HIDE_REGULAR_PRICE"],"togglz":[]}</script><div class="bs_amount-handler bs_add2cart bs_amount-zero without-animation" data-is-initialized="true"><button class="basket-button bs_amount-minus basket_ripple" disabled=""></button><input type="number" pattern="[0-9]*" value="0" class="basket-input bs_amount-input" autocomplete="off"><button class="basket-button bs_amount-plus basket_ripple" aria-label="Artikel zum Warenkorb hinzufügen"></button></div></div><script type="text/javascript">
                    if (!window.ReweBasket) {
                        window.ReweBasket = {}
                    }
                </script><script type="text/javascript">
                    (function () {
                      var event = 'basket:addToBasketbuttonV2Render';
                      var customEvent;
                      var data = {};
                      if (typeof CustomEvent === 'function') {
                          customEvent = new CustomEvent(event, {detail: data});
                      } else {
                          customEvent = document.createEvent('CustomEvent');
                          customEvent.initCustomEvent(event, false, false, data);
                      }
                      document.dispatchEvent(customEvent);
                    })();
                </script></div></meso-data></div></div></div><div class="search-service-product Product_product__maAwA" aria-labelledby="8-23320208-d1d1e1d1-b919-4288-879f-a0361c836ff4-product-title"><div><input type="hidden" name="nan" value="1907459"><input type="hidden" name="listingId" value="8-23320208-d1d1e1d1-b919-4288-879f-a0361c836ff4"></div><div class="search-service-productDetailsWrapper Product_productDetailsWrapper__bX_s8"><a class="search-service-productDetailsLink Product_productDetailsLink__hXXfb" href="/p/apfel-pink-lady-6-stueck-in-der-schale/1907459"><div class="search-service-pictureWrapper ProductMediaWrapper_pictureWrapper__ZHKoX"><div class="search-service-productPicture ProductMediaWrapper_productPicture__OXMYf"><div class="search-service-rsProductsMedia ProductMedia_rsProductsMedia__TgDb_"><picture><source srcset="https://img.rewe-static.de/1907459/23271229_digital-image.png?resize=152px:152px&amp;output-quality=80&amp;output-format=webp&amp;im=BackgroundColor,color=fffff 152w, https://img.rewe-static.de/1907459/23271229_digital-image.png?resize=304px:304px&amp;output-quality=80&amp;output-format=webp&amp;im=BackgroundColor,color=fffff 304w, https://img.rewe-static.de/1907459/23271229_digital-image.png?resize=456px:456px&amp;output-quality=80&amp;output-format=webp&amp;im=BackgroundColor,color=fffff 456w, https://img.rewe-static.de/1907459/23271229_digital-image.png?resize=88px:88px&amp;output-quality=80&amp;output-format=webp&amp;im=BackgroundColor,color=fffff 88w, https://img.rewe-static.de/1907459/23271229_digital-image.png?resize=176px:176px&amp;output-quality=80&amp;output-format=webp&amp;im=BackgroundColor,color=fffff 176w, https://img.rewe-static.de/1907459/23271229_digital-image.png?resize=264px:264px&amp;output-quality=80&amp;output-format=webp&amp;im=BackgroundColor,color=fffff 264w" sizes="(min-width: 580px) 152px, 88px" type="image/webp"><source srcset="https://img.rewe-static.de/1907459/23271229_digital-image.png?resize=152px:152px&amp;output-quality=80&amp;output-format=jpeg2000&amp;im=BackgroundColor,color=fffff 152w, https://img.rewe-static.de/1907459/23271229_digital-image.png?resize=304px:304px&amp;output-quality=80&amp;output-format=jpeg2000&amp;im=BackgroundColor,color=fffff 304w, https://img.rewe-static.de/1907459/23271229_digital-image.png?resize=456px:456px&amp;output-quality=80&amp;output-format=jpeg2000&amp;im=BackgroundColor,color=fffff 456w, https://img.rewe-static.de/1907459/23271229_digital-image.png?resize=88px:88px&amp;output-quality=80&amp;output-format=jpeg2000&amp;im=BackgroundColor,color=fffff 88w, https://img.rewe-static.de/1907459/23271229_digital-image.png?resize=176px:176px&amp;output-quality=80&amp;output-format=jpeg2000&amp;im=BackgroundColor,color=fffff 176w, https://img.rewe-static.de/1907459/23271229_digital-image.png?resize=264px:264px&amp;output-quality=80&amp;output-format=jpeg2000&amp;im=BackgroundColor,color=fffff 264w" sizes="(min-width: 580px) 152px, 88px" type="image/jp2"><source srcset="https://img.rewe-static.de/1907459/23271229_digital-image.png?resize=152px:152px&amp;output-quality=80&amp;output-format=jpeg&amp;im=BackgroundColor,color=fffff 152w, https://img.rewe-static.de/1907459/23271229_digital-image.png?resize=304px:304px&amp;output-quality=80&amp;output-format=jpeg&amp;im=BackgroundColor,color=fffff 304w, https://img.rewe-static.de/1907459/23271229_digital-image.png?resize=456px:456px&amp;output-quality=80&amp;output-format=jpeg&amp;im=BackgroundColor,color=fffff 456w, https://img.rewe-static.de/1907459/23271229_digital-image.png?resize=88px:88px&amp;output-quality=80&amp;output-format=jpeg&amp;im=BackgroundColor,color=fffff 88w, https://img.rewe-static.de/1907459/23271229_digital-image.png?resize=176px:176px&amp;output-quality=80&amp;output-format=jpeg&amp;im=BackgroundColor,color=fffff 176w, https://img.rewe-static.de/1907459/23271229_digital-image.png?resize=264px:264px&amp;output-quality=80&amp;output-format=jpeg&amp;im=BackgroundColor,color=fffff 264w" sizes="(min-width: 580px) 152px, 88px"><img src="https://img.rewe-static.de/1907459/23271229_digital-image.png?resize=152px:152px&amp;output-quality=80&amp;output-format=jpeg&amp;im=BackgroundColor,color=fffff" alt="Apfel Pink Lady 6 Stück in der Schale" width="152" height="152"></picture></div></div><div class="BadgesContainer_productBadges__mIOO1 search-service-productBadges"></div></div><div class="ProductDetailsWrapper_productDetails__7vI_z search-service-productDetails"><div class="ProductDetailsWrapper_partnerName__CqluS search-service-partnerName ProductDetailsWrapper_partnerNameEmpty__c5rTb search-service-partnerNameEmpty"></div><div class="ProductDetailsWrapper_productTitleWrapper__nJ1Fr search-service-productTitleWrapper"><h4 class="ProductDetailsWrapper_productTitle__XjgsA search-service-productTitle" id="8-23320208-d1d1e1d1-b919-4288-879f-a0361c836ff4-product-title"><div class="LinesEllipsis  ">Apfel Pink Lady 6 Stück in der Schale<wbr></div></h4></div><div class="ProductGrammage_productGrammage__fMOJr search-service-productGrammage"><div>1 Stück</div></div><div class="search-service-productDetailsFill ProductDetailsWrapper_productDetailsFill__TNboB"></div><div><div class="search-service-productPrice ProductPriceDisplay_productPrice__pqWxK">2,99 €</div></div></div></a></div><div class="search-service-basketButtons Product_basketButtons__SYAkC"><div class="search-service-ProductActions ProductActions_ProductActions__D_l5E"><meso-data data-listingid="8-23320208-d1d1e1d1-b919-4288-879f-a0361c836ff4" data-productid="1907459" data-orderlimit="99" data-amount="1" data-context="product-list-navigation"><div class="search-service-addToCartHandlerWrapper Add2CartHandler_addToCartHandlerWrapper__bvELT"><div class="bs_add2cart_container"><div class="lrms-favorite-button-container"><div class="lrms-addToFavMesoContainer"><div class="lrms-addToFavWrapper"><button class="lrms-addToFavHeartButton" data-cy="favorites-button_8-23320208-d1d1e1d1-b919-4288-879f-a0361c836ff4"><img src="https://shop.rewe-static.de/rewe-myproducts/static-images/tab-icon-heart_v2_1.svg" alt="Zu Favoriten hinzufügen"></button></div></div></div><script type="application/json" class="favoritebutton-propstore">{"additionalUiData":{"assetBaseUrl":"https://shop.rewe-static.de/rewe-myproducts/1460f8b0a79573560094733389e74ebb95f3137b","staticAssetBaseUrl":"https://shop.rewe-static.de/rewe-myproducts","favoritesBaseUrl":"/api/favorites","anonymousFavoritesBaseUrl":"/api/anonymousfavorites"},"testgroups":["MENGENRABATTIERUNG","HIDE_REGULAR_PRICE"],"togglz":[]}</script><div class="bs_amount-handler bs_add2cart bs_amount-zero without-animation" data-is-initialized="true"><button class="basket-button bs_amount-minus basket_ripple" disabled=""></button><input type="number" pattern="[0-9]*" value="0" class="basket-input bs_amount-input" autocomplete="off"><button class="basket-button bs_amount-plus basket_ripple" aria-label="Artikel zum Warenkorb hinzufügen"></button></div></div><script type="text/javascript">
                    if (!window.ReweBasket) {
                        window.ReweBasket = {}
                    }
                </script><script type="text/javascript">
                    (function () {
                      var event = 'basket:addToBasketbuttonV2Render';
                      var customEvent;
                      var data = {};
                      if (typeof CustomEvent === 'function') {
                          customEvent = new CustomEvent(event, {detail: data});
                      } else {
                          customEvent = document.createEvent('CustomEvent');
                          customEvent.initCustomEvent(event, false, false, data);
                      }
                      document.dispatchEvent(customEvent);
                    })();
                </script></div></meso-data></div></div></div><div class="search-service-product Product_product__maAwA" aria-labelledby="8-28263715-d1d1e1d1-b919-4288-879f-a0361c836ff4-product-title"><div><input type="hidden" name="nan" value="8179366"><input type="hidden" name="listingId" value="8-28263715-d1d1e1d1-b919-4288-879f-a0361c836ff4"></div><div class="search-service-productDetailsWrapper Product_productDetailsWrapper__bX_s8"><a class="search-service-productDetailsLink Product_productDetailsLink__hXXfb" href="/p/apfel-snack-gala-1kg/8179366"><div class="search-service-pictureWrapper ProductMediaWrapper_pictureWrapper__ZHKoX"><div class="search-service-productPicture ProductMediaWrapper_productPicture__OXMYf"><div class="search-service-rsProductsMedia ProductMedia_rsProductsMedia__TgDb_"><picture><source srcset="https://img.rewe-static.de/8179366/28045563_digital-image.png?resize=152px:152px&amp;output-quality=80&amp;output-format=webp&amp;im=BackgroundColor,color=fffff 152w, https://img.rewe-static.de/8179366/28045563_digital-image.png?resize=304px:304px&amp;output-quality=80&amp;output-format=webp&amp;im=BackgroundColor,color=fffff 304w, https://img.rewe-static.de/8179366/28045563_digital-image.png?resize=456px:456px&amp;output-quality=80&amp;output-format=webp&amp;im=BackgroundColor,color=fffff 456w, https://img.rewe-static.de/8179366/28045563_digital-image.png?resize=88px:88px&amp;output-quality=80&amp;output-format=webp&amp;im=BackgroundColor,color=fffff 88w, https://img.rewe-static.de/8179366/28045563_digital-image.png?resize=176px:176px&amp;output-quality=80&amp;output-format=webp&amp;im=BackgroundColor,color=fffff 176w, https://img.rewe-static.de/8179366/28045563_digital-image.png?resize=264px:264px&amp;output-quality=80&amp;output-format=webp&amp;im=BackgroundColor,color=fffff 264w" sizes="(min-width: 580px) 152px, 88px" type="image/webp"><source srcset="https://img.rewe-static.de/8179366/28045563_digital-image.png?resize=152px:152px&amp;output-quality=80&amp;output-format=jpeg2000&amp;im=BackgroundColor,color=fffff 152w, https://img.rewe-static.de/8179366/28045563_digital-image.png?resize=304px:304px&amp;output-quality=80&amp;output-format=jpeg2000&amp;im=BackgroundColor,color=fffff 304w, https://img.rewe-static.de/8179366/28045563_digital-image.png?resize=456px:456px&amp;output-quality=80&amp;output-format=jpeg2000&amp;im=BackgroundColor,color=fffff 456w, https://img.rewe-static.de/8179366/28045563_digital-image.png?resize=88px:88px&amp;output-quality=80&amp;output-format=jpeg2000&amp;im=BackgroundColor,color=fffff 88w, https://img.rewe-static.de/8179366/28045563_digital-image.png?resize=176px:176px&amp;output-quality=80&amp;output-format=jpeg2000&amp;im=BackgroundColor,color=fffff 176w, https://img.rewe-static.de/8179366/28045563_digital-image.png?resize=264px:264px&amp;output-quality=80&amp;output-format=jpeg2000&amp;im=BackgroundColor,color=fffff 264w" sizes="(min-width: 580px) 152px, 88px" type="image/jp2"><source srcset="https://img.rewe-static.de/8179366/28045563_digital-image.png?resize=152px:152px&amp;output-quality=80&amp;output-format=jpeg&amp;im=BackgroundColor,color=fffff 152w, https://img.rewe-static.de/8179366/28045563_digital-image.png?resize=304px:304px&amp;output-quality=80&amp;output-format=jpeg&amp;im=BackgroundColor,color=fffff 304w, https://img.rewe-static.de/8179366/28045563_digital-image.png?resize=456px:456px&amp;output-quality=80&amp;output-format=jpeg&amp;im=BackgroundColor,color=fffff 456w, https://img.rewe-static.de/8179366/28045563_digital-image.png?resize=88px:88px&amp;output-quality=80&amp;output-format=jpeg&amp;im=BackgroundColor,color=fffff 88w, https://img.rewe-static.de/8179366/28045563_digital-image.png?resize=176px:176px&amp;output-quality=80&amp;output-format=jpeg&amp;im=BackgroundColor,color=fffff 176w, https://img.rewe-static.de/8179366/28045563_digital-image.png?resize=264px:264px&amp;output-quality=80&amp;output-format=jpeg&amp;im=BackgroundColor,color=fffff 264w" sizes="(min-width: 580px) 152px, 88px"><img src="https://img.rewe-static.de/8179366/28045563_digital-image.png?resize=152px:152px&amp;output-quality=80&amp;output-format=jpeg&amp;im=BackgroundColor,color=fffff" alt="Apfel Snack Gala 1kg" width="152" height="152"></picture></div></div><div class="BadgesContainer_productBadges__mIOO1 search-service-productBadges"></div></div><div class="ProductDetailsWrapper_productDetails__7vI_z search-service-productDetails"><div class="ProductDetailsWrapper_partnerName__CqluS search-service-partnerName ProductDetailsWrapper_partnerNameEmpty__c5rTb search-service-partnerNameEmpty"></div><div class="ProductDetailsWrapper_productTitleWrapper__nJ1Fr search-service-productTitleWrapper"><h4 class="ProductDetailsWrapper_productTitle__XjgsA search-service-productTitle" id="8-28263715-d1d1e1d1-b919-4288-879f-a0361c836ff4-product-title"><div class="LinesEllipsis  ">Apfel Snack Gala 1kg<wbr></div></h4></div><div class="ProductGrammage_productGrammage__fMOJr search-service-productGrammage"><div>1 Stück</div></div><div class="search-service-productDetailsFill ProductDetailsWrapper_productDetailsFill__TNboB"></div><div><div class="search-service-productPrice ProductPriceDisplay_productPrice__pqWxK">3,59 €</div></div></div></a></div><div class="search-service-basketButtons Product_basketButtons__SYAkC"><div class="search-service-ProductActions ProductActions_ProductActions__D_l5E"><meso-data data-listingid="8-28263715-d1d1e1d1-b919-4288-879f-a0361c836ff4" data-productid="8179366" data-orderlimit="99" data-amount="1" data-context="product-list-navigation"><div class="search-service-addToCartHandlerWrapper Add2CartHandler_addToCartHandlerWrapper__bvELT"><div class="bs_add2cart_container"><div class="lrms-favorite-button-container"><div class="lrms-addToFavMesoContainer"><div class="lrms-addToFavWrapper"><button class="lrms-addToFavHeartButton" data-cy="favorites-button_8-28263715-d1d1e1d1-b919-4288-879f-a0361c836ff4"><img src="https://shop.rewe-static.de/rewe-myproducts/static-images/tab-icon-heart_v2_1.svg" alt="Zu Favoriten hinzufügen"></button></div></div></div><script type="application/json" class="favoritebutton-propstore">{"additionalUiData":{"assetBaseUrl":"https://shop.rewe-static.de/rewe-myproducts/1460f8b0a79573560094733389e74ebb95f3137b","staticAssetBaseUrl":"https://shop.rewe-static.de/rewe-myproducts","favoritesBaseUrl":"/api/favorites","anonymousFavoritesBaseUrl":"/api/anonymousfavorites"},"testgroups":["MENGENRABATTIERUNG","HIDE_REGULAR_PRICE"],"togglz":[]}</script><div class="bs_amount-handler bs_add2cart bs_amount-zero without-animation" data-is-initialized="true"><button class="basket-button bs_amount-minus basket_ripple" disabled=""></button><input type="number" pattern="[0-9]*" value="0" class="basket-input bs_amount-input" autocomplete="off"><button class="basket-button bs_amount-plus basket_ripple" aria-label="Artikel zum Warenkorb hinzufügen"></button></div></div><script type="text/javascript">
                    if (!window.ReweBasket) {
                        window.ReweBasket = {}
                    }
                </script><script type="text/javascript">
                    (function () {
                      var event = 'basket:addToBasketbuttonV2Render';
                      var customEvent;
                      var data = {};
                      if (typeof CustomEvent === 'function') {
                          customEvent = new CustomEvent(event, {detail: data});
                      } else {
                          customEvent = document.createEvent('CustomEvent');
                          customEvent.initCustomEvent(event, false, false, data);
                      }
                      document.dispatchEvent(customEvent);
                    })();
                </script></div></meso-data></div></div></div><div class="search-service-product Product_product__maAwA" aria-labelledby="8-05N7RHHN-d1d1e1d1-b919-4288-879f-a0361c836ff4-product-title"><div><input type="hidden" name="nan" value="8365705"><input type="hidden" name="listingId" value="8-05N7RHHN-d1d1e1d1-b919-4288-879f-a0361c836ff4"></div><div class="search-service-productDetailsWrapper Product_productDetailsWrapper__bX_s8"><a class="search-service-productDetailsLink Product_productDetailsLink__hXXfb" href="/p/apfel-rot-2kg/8365705"><div class="search-service-pictureWrapper ProductMediaWrapper_pictureWrapper__ZHKoX"><div class="search-service-productPicture ProductMediaWrapper_productPicture__OXMYf"><div class="search-service-rsProductsMedia ProductMedia_rsProductsMedia__TgDb_"><picture><source srcset="https://img.rewe-static.de/8365705/31705328_digital-image.png?resize=152px:152px&amp;output-quality=80&amp;output-format=webp&amp;im=BackgroundColor,color=fffff 152w, https://img.rewe-static.de/8365705/31705328_digital-image.png?resize=304px:304px&amp;output-quality=80&amp;output-format=webp&amp;im=BackgroundColor,color=fffff 304w, https://img.rewe-static.de/8365705/31705328_digital-image.png?resize=456px:456px&amp;output-quality=80&amp;output-format=webp&amp;im=BackgroundColor,color=fffff 456w, https://img.rewe-static.de/8365705/31705328_digital-image.png?resize=88px:88px&amp;output-quality=80&amp;output-format=webp&amp;im=BackgroundColor,color=fffff 88w, https://img.rewe-static.de/8365705/31705328_digital-image.png?resize=176px:176px&amp;output-quality=80&amp;output-format=webp&amp;im=BackgroundColor,color=fffff 176w, https://img.rewe-static.de/8365705/31705328_digital-image.png?resize=264px:264px&amp;output-quality=80&amp;output-format=webp&amp;im=BackgroundColor,color=fffff 264w" sizes="(min-width: 580px) 152px, 88px" type="image/webp"><source srcset="https://img.rewe-static.de/8365705/31705328_digital-image.png?resize=152px:152px&amp;output-quality=80&amp;output-format=jpeg2000&amp;im=BackgroundColor,color=fffff 152w, https://img.rewe-static.de/8365705/31705328_digital-image.png?resize=304px:304px&amp;output-quality=80&amp;output-format=jpeg2000&amp;im=BackgroundColor,color=fffff 304w, https://img.rewe-static.de/8365705/31705328_digital-image.png?resize=456px:456px&amp;output-quality=80&amp;output-format=jpeg2000&amp;im=BackgroundColor,color=fffff 456w, https://img.rewe-static.de/8365705/31705328_digital-image.png?resize=88px:88px&amp;output-quality=80&amp;output-format=jpeg2000&amp;im=BackgroundColor,color=fffff 88w, https://img.rewe-static.de/8365705/31705328_digital-image.png?resize=176px:176px&amp;output-quality=80&amp;output-format=jpeg2000&amp;im=BackgroundColor,color=fffff 176w, https://img.rewe-static.de/8365705/31705328_digital-image.png?resize=264px:264px&amp;output-quality=80&amp;output-format=jpeg2000&amp;im=BackgroundColor,color=fffff 264w" sizes="(min-width: 580px) 152px, 88px" type="image/jp2"><source srcset="https://img.rewe-static.de/8365705/31705328_digital-image.png?resize=152px:152px&amp;output-quality=80&amp;output-format=jpeg&amp;im=BackgroundColor,color=fffff 152w, https://img.rewe-static.de/8365705/31705328_digital-image.png?resize=304px:304px&amp;output-quality=80&amp;output-format=jpeg&amp;im=BackgroundColor,color=fffff 304w, https://img.rewe-static.de/8365705/31705328_digital-image.png?resize=456px:456px&amp;output-quality=80&amp;output-format=jpeg&amp;im=BackgroundColor,color=fffff 456w, https://img.rewe-static.de/8365705/31705328_digital-image.png?resize=88px:88px&amp;output-quality=80&amp;output-format=jpeg&amp;im=BackgroundColor,color=fffff 88w, https://img.rewe-static.de/8365705/31705328_digital-image.png?resize=176px:176px&amp;output-quality=80&amp;output-format=jpeg&amp;im=BackgroundColor,color=fffff 176w, https://img.rewe-static.de/8365705/31705328_digital-image.png?resize=264px:264px&amp;output-quality=80&amp;output-format=jpeg&amp;im=BackgroundColor,color=fffff 264w" sizes="(min-width: 580px) 152px, 88px"><img src="https://img.rewe-static.de/8365705/31705328_digital-image.png?resize=152px:152px&amp;output-quality=80&amp;output-format=jpeg&amp;im=BackgroundColor,color=fffff" alt="Apfel rot 2kg" width="152" height="152"></picture></div></div><div class="BadgesContainer_productBadges__mIOO1 search-service-productBadges"></div></div><div class="ProductDetailsWrapper_productDetails__7vI_z search-service-productDetails"><div class="ProductDetailsWrapper_partnerName__CqluS search-service-partnerName ProductDetailsWrapper_partnerNameEmpty__c5rTb search-service-partnerNameEmpty"></div><div class="ProductDetailsWrapper_productTitleWrapper__nJ1Fr search-service-productTitleWrapper"><h4 class="ProductDetailsWrapper_productTitle__XjgsA search-service-productTitle" id="8-05N7RHHN-d1d1e1d1-b919-4288-879f-a0361c836ff4-product-title"><div class="LinesEllipsis  ">Apfel rot 2kg<wbr></div></h4></div><div class="ProductGrammage_productGrammage__fMOJr search-service-productGrammage"><div>2kg (1 kg = 1,25 €)</div></div><div class="search-service-productDetailsFill ProductDetailsWrapper_productDetailsFill__TNboB"></div><div><div class="search-service-productPrice ProductPriceDisplay_productPrice__pqWxK">2,49 €</div></div></div></a></div><div class="search-service-basketButtons Product_basketButtons__SYAkC"><div class="search-service-ProductActions ProductActions_ProductActions__D_l5E"><meso-data data-listingid="8-05N7RHHN-d1d1e1d1-b919-4288-879f-a0361c836ff4" data-productid="8365705" data-orderlimit="99" data-amount="1" data-context="product-list-navigation"><div class="search-service-addToCartHandlerWrapper Add2CartHandler_addToCartHandlerWrapper__bvELT"><div class="bs_add2cart_container"><div class="lrms-favorite-button-container"><div class="lrms-addToFavMesoContainer"><div class="lrms-addToFavWrapper"><button class="lrms-addToFavHeartButton" data-cy="favorites-button_8-05N7RHHN-d1d1e1d1-b919-4288-879f-a0361c836ff4"><img src="https://shop.rewe-static.de/rewe-myproducts/static-images/tab-icon-heart_v2_1.svg" alt="Zu Favoriten hinzufügen"></button></div></div></div><script type="application/json" class="favoritebutton-propstore">{"additionalUiData":{"assetBaseUrl":"https://shop.rewe-static.de/rewe-myproducts/1460f8b0a79573560094733389e74ebb95f3137b","staticAssetBaseUrl":"https://shop.rewe-static.de/rewe-myproducts","favoritesBaseUrl":"/api/favorites","anonymousFavoritesBaseUrl":"/api/anonymousfavorites"},"testgroups":["MENGENRABATTIERUNG","HIDE_REGULAR_PRICE"],"togglz":[]}</script><div class="bs_amount-handler bs_add2cart bs_amount-zero without-animation" data-is-initialized="true"><button class="basket-button bs_amount-minus basket_ripple" disabled=""></button><input type="number" pattern="[0-9]*" value="0" class="basket-input bs_amount-input" autocomplete="off"><button class="basket-button bs_amount-plus basket_ripple" aria-label="Artikel zum Warenkorb hinzufügen"></button></div></div><script type="text/javascript">
                    if (!window.ReweBasket) {
                        window.ReweBasket = {}
                    }
                </script><script type="text/javascript">
                    (function () {
                      var event = 'basket:addToBasketbuttonV2Render';
                      var customEvent;
                      var data = {};
                      if (typeof CustomEvent === 'function') {
                          customEvent = new CustomEvent(event, {detail: data});
                      } else {
                          customEvent = document.createEvent('CustomEvent');
                          customEvent.initCustomEvent(event, false, false, data);
                      }
                      document.dispatchEvent(customEvent);
                    })();
                </script></div></meso-data></div></div></div><div class="search-service-product Product_product__maAwA" aria-labelledby="13-8717428071131-d1d1e1d1-b919-4288-879f-a0361c836ff4-product-title"><div><input type="hidden" name="nan" value="151854"><input type="hidden" name="listingId" value="13-8717428071131-d1d1e1d1-b919-4288-879f-a0361c836ff4"></div><div class="search-service-productDetailsWrapper Product_productDetailsWrapper__bX_s8"><a class="search-service-productDetailsLink Product_productDetailsLink__hXXfb" href="/p/avocado-hass-essreif-1-stueck/151854"><div class="search-service-pictureWrapper ProductMediaWrapper_pictureWrapper__ZHKoX"><div class="search-service-productPicture ProductMediaWrapper_productPicture__OXMYf"><div class="search-service-rsProductsMedia ProductMedia_rsProductsMedia__TgDb_"><picture><source srcset="https://img.rewe-static.de/0151854/25018105_digital-image.png?resize=152px:152px&amp;output-quality=80&amp;output-format=webp&amp;im=BackgroundColor,color=fffff 152w, https://img.rewe-static.de/0151854/25018105_digital-image.png?resize=304px:304px&amp;output-quality=80&amp;output-format=webp&amp;im=BackgroundColor,color=fffff 304w, https://img.rewe-static.de/0151854/25018105_digital-image.png?resize=456px:456px&amp;output-quality=80&amp;output-format=webp&amp;im=BackgroundColor,color=fffff 456w, https://img.rewe-static.de/0151854/25018105_digital-image.png?resize=88px:88px&amp;output-quality=80&amp;output-format=webp&amp;im=BackgroundColor,color=fffff 88w, https://img.rewe-static.de/0151854/25018105_digital-image.png?resize=176px:176px&amp;output-quality=80&amp;output-format=webp&amp;im=BackgroundColor,color=fffff 176w, https://img.rewe-static.de/0151854/25018105_digital-image.png?resize=264px:264px&amp;output-quality=80&amp;output-format=webp&amp;im=BackgroundColor,color=fffff 264w" sizes="(min-width: 580px) 152px, 88px" type="image/webp"><source srcset="https://img.rewe-static.de/0151854/25018105_digital-image.png?resize=152px:152px&amp;output-quality=80&amp;output-format=jpeg2000&amp;im=BackgroundColor,color=fffff 152w, https://img.rewe-static.de/0151854/25018105_digital-image.png?resize=304px:304px&amp;output-quality=80&amp;output-format=jpeg2000&amp;im=BackgroundColor,color=fffff 304w, https://img.rewe-static.de/0151854/25018105_digital-image.png?resize=456px:456px&amp;output-quality=80&amp;output-format=jpeg2000&amp;im=BackgroundColor,color=fffff 456w, https://img.rewe-static.de/0151854/25018105_digital-image.png?resize=88px:88px&amp;output-quality=80&amp;output-format=jpeg2000&amp;im=BackgroundColor,color=fffff 88w, https://img.rewe-static.de/0151854/25018105_digital-image.png?resize=176px:176px&amp;output-quality=80&amp;output-format=jpeg2000&amp;im=BackgroundColor,color=fffff 176w, https://img.rewe-static.de/0151854/25018105_digital-image.png?resize=264px:264px&amp;output-quality=80&amp;output-format=jpeg2000&amp;im=BackgroundColor,color=fffff 264w" sizes="(min-width: 580px) 152px, 88px" type="image/jp2"><source srcset="https://img.rewe-static.de/0151854/25018105_digital-image.png?resize=152px:152px&amp;output-quality=80&amp;output-format=jpeg&amp;im=BackgroundColor,color=fffff 152w, https://img.rewe-static.de/0151854/25018105_digital-image.png?resize=304px:304px&amp;output-quality=80&amp;output-format=jpeg&amp;im=BackgroundColor,color=fffff 304w, https://img.rewe-static.de/0151854/25018105_digital-image.png?resize=456px:456px&amp;output-quality=80&amp;output-format=jpeg&amp;im=BackgroundColor,color=fffff 456w, https://img.rewe-static.de/0151854/25018105_digital-image.png?resize=88px:88px&amp;output-quality=80&amp;output-format=jpeg&amp;im=BackgroundColor,color=fffff 88w, https://img.rewe-static.de/0151854/25018105_digital-image.png?resize=176px:176px&amp;output-quality=80&amp;output-format=jpeg&amp;im=BackgroundColor,color=fffff 176w, https://img.rewe-static.de/0151854/25018105_digital-image.png?resize=264px:264px&amp;output-quality=80&amp;output-format=jpeg&amp;im=BackgroundColor,color=fffff 264w" sizes="(min-width: 580px) 152px, 88px"><img src="https://img.rewe-static.de/0151854/25018105_digital-image.png?resize=152px:152px&amp;output-quality=80&amp;output-format=jpeg&amp;im=BackgroundColor,color=fffff" alt="Avocado Hass essreif 1 Stück" width="152" height="152"></picture></div></div><div class="BadgesContainer_productBadges__mIOO1 search-service-productBadges"><div class="badge_style_badgeItem__vUyhV search-service-badgeItem badge_style_offerBadge__g2br1 search-service-offerBadge">%</div></div></div><div class="ProductDetailsWrapper_productDetails__7vI_z search-service-productDetails"><div class="ProductDetailsWrapper_partnerName__CqluS search-service-partnerName ProductDetailsWrapper_partnerNameEmpty__c5rTb search-service-partnerNameEmpty"></div><div class="ProductDetailsWrapper_productTitleWrapper__nJ1Fr search-service-productTitleWrapper"><h4 class="ProductDetailsWrapper_productTitle__XjgsA search-service-productTitle" id="13-8717428071131-d1d1e1d1-b919-4288-879f-a0361c836ff4-product-title"><div class="LinesEllipsis  ">Avocado Hass essreif 1 Stück<wbr></div></h4></div><div class="ProductGrammage_productGrammage__fMOJr search-service-productGrammage"><div>1 Stück</div></div><div class="search-service-productDetailsFill ProductDetailsWrapper_productDetailsFill__TNboB"></div><div><div class="search-service-productOffer DiscountElements_productOffer__Oh1_0"><div class="search-service-productOfferFirstLine DiscountElements_productOfferFirstLine__s4lCO"><div class="search-service-productOfferDuration DiscountElements_productOfferDuration__gRZTl">bis <!-- -->15.10.2022</div></div><div class="search-service-productOfferSecondLine DiscountElements_productOfferSecondLine__7f_Wd"><div class="search-service-productOfferPrice DiscountElements_productOfferPrice__nOtuY">0,89 €</div></div></div></div></div></a></div><div class="search-service-basketButtons Product_basketButtons__SYAkC"><div class="search-service-ProductActions ProductActions_ProductActions__D_l5E"><meso-data data-listingid="13-8717428071131-d1d1e1d1-b919-4288-879f-a0361c836ff4" data-productid="151854" data-orderlimit="15" data-amount="1" data-context="product-list-navigation"><div class="search-service-addToCartHandlerWrapper Add2CartHandler_addToCartHandlerWrapper__bvELT"><div class="bs_add2cart_container"><div class="lrms-favorite-button-container"><div class="lrms-addToFavMesoContainer"><div class="lrms-addToFavWrapper"><button class="lrms-addToFavHeartButton" data-cy="favorites-button_13-8717428071131-d1d1e1d1-b919-4288-879f-a0361c836ff4"><img src="https://shop.rewe-static.de/rewe-myproducts/static-images/tab-icon-heart_v2_1.svg" alt="Zu Favoriten hinzufügen"></button></div></div></div><script type="application/json" class="favoritebutton-propstore">{"additionalUiData":{"assetBaseUrl":"https://shop.rewe-static.de/rewe-myproducts/1460f8b0a79573560094733389e74ebb95f3137b","staticAssetBaseUrl":"https://shop.rewe-static.de/rewe-myproducts","favoritesBaseUrl":"/api/favorites","anonymousFavoritesBaseUrl":"/api/anonymousfavorites"},"testgroups":["MENGENRABATTIERUNG","HIDE_REGULAR_PRICE"],"togglz":[]}</script><div class="bs_amount-handler bs_add2cart bs_amount-zero without-animation" data-is-initialized="true"><button class="basket-button bs_amount-minus basket_ripple" disabled=""></button><input type="number" pattern="[0-9]*" value="0" class="basket-input bs_amount-input" autocomplete="off"><button class="basket-button bs_amount-plus basket_ripple" aria-label="Artikel zum Warenkorb hinzufügen"></button></div></div><script type="text/javascript">
                    if (!window.ReweBasket) {
                        window.ReweBasket = {}
                    }
                </script><script type="text/javascript">
                    (function () {
                      var event = 'basket:addToBasketbuttonV2Render';
                      var customEvent;
                      var data = {};
                      if (typeof CustomEvent === 'function') {
                          customEvent = new CustomEvent(event, {detail: data});
                      } else {
                          customEvent = document.createEvent('CustomEvent');
                          customEvent.initCustomEvent(event, false, false, data);
                      }
                      document.dispatchEvent(customEvent);
                    })();
                </script></div></meso-data></div></div></div><div class="search-service-product Product_product__maAwA" aria-labelledby="8-23376267-d1d1e1d1-b919-4288-879f-a0361c836ff4-product-title"><div><input type="hidden" name="nan" value="1930502"><input type="hidden" name="listingId" value="8-23376267-d1d1e1d1-b919-4288-879f-a0361c836ff4"></div><div class="search-service-productDetailsWrapper Product_productDetailsWrapper__bX_s8"><a class="search-service-productDetailsLink Product_productDetailsLink__hXXfb" href="/p/bio-banane-ca-200g/1930502"><div class="search-service-pictureWrapper ProductMediaWrapper_pictureWrapper__ZHKoX"><div class="search-service-productPicture ProductMediaWrapper_productPicture__OXMYf"><div class="search-service-rsProductsMedia ProductMedia_rsProductsMedia__TgDb_"><picture><source srcset="https://img.rewe-static.de/1930502/24568902_digital-image.png?resize=152px:152px&amp;output-quality=80&amp;output-format=webp&amp;im=BackgroundColor,color=fffff 152w, https://img.rewe-static.de/1930502/24568902_digital-image.png?resize=304px:304px&amp;output-quality=80&amp;output-format=webp&amp;im=BackgroundColor,color=fffff 304w, https://img.rewe-static.de/1930502/24568902_digital-image.png?resize=456px:456px&amp;output-quality=80&amp;output-format=webp&amp;im=BackgroundColor,color=fffff 456w, https://img.rewe-static.de/1930502/24568902_digital-image.png?resize=88px:88px&amp;output-quality=80&amp;output-format=webp&amp;im=BackgroundColor,color=fffff 88w, https://img.rewe-static.de/1930502/24568902_digital-image.png?resize=176px:176px&amp;output-quality=80&amp;output-format=webp&amp;im=BackgroundColor,color=fffff 176w, https://img.rewe-static.de/1930502/24568902_digital-image.png?resize=264px:264px&amp;output-quality=80&amp;output-format=webp&amp;im=BackgroundColor,color=fffff 264w" sizes="(min-width: 580px) 152px, 88px" type="image/webp"><source srcset="https://img.rewe-static.de/1930502/24568902_digital-image.png?resize=152px:152px&amp;output-quality=80&amp;output-format=jpeg2000&amp;im=BackgroundColor,color=fffff 152w, https://img.rewe-static.de/1930502/24568902_digital-image.png?resize=304px:304px&amp;output-quality=80&amp;output-format=jpeg2000&amp;im=BackgroundColor,color=fffff 304w, https://img.rewe-static.de/1930502/24568902_digital-image.png?resize=456px:456px&amp;output-quality=80&amp;output-format=jpeg2000&amp;im=BackgroundColor,color=fffff 456w, https://img.rewe-static.de/1930502/24568902_digital-image.png?resize=88px:88px&amp;output-quality=80&amp;output-format=jpeg2000&amp;im=BackgroundColor,color=fffff 88w, https://img.rewe-static.de/1930502/24568902_digital-image.png?resize=176px:176px&amp;output-quality=80&amp;output-format=jpeg2000&amp;im=BackgroundColor,color=fffff 176w, https://img.rewe-static.de/1930502/24568902_digital-image.png?resize=264px:264px&amp;output-quality=80&amp;output-format=jpeg2000&amp;im=BackgroundColor,color=fffff 264w" sizes="(min-width: 580px) 152px, 88px" type="image/jp2"><source srcset="https://img.rewe-static.de/1930502/24568902_digital-image.png?resize=152px:152px&amp;output-quality=80&amp;output-format=jpeg&amp;im=BackgroundColor,color=fffff 152w, https://img.rewe-static.de/1930502/24568902_digital-image.png?resize=304px:304px&amp;output-quality=80&amp;output-format=jpeg&amp;im=BackgroundColor,color=fffff 304w, https://img.rewe-static.de/1930502/24568902_digital-image.png?resize=456px:456px&amp;output-quality=80&amp;output-format=jpeg&amp;im=BackgroundColor,color=fffff 456w, https://img.rewe-static.de/1930502/24568902_digital-image.png?resize=88px:88px&amp;output-quality=80&amp;output-format=jpeg&amp;im=BackgroundColor,color=fffff 88w, https://img.rewe-static.de/1930502/24568902_digital-image.png?resize=176px:176px&amp;output-quality=80&amp;output-format=jpeg&amp;im=BackgroundColor,color=fffff 176w, https://img.rewe-static.de/1930502/24568902_digital-image.png?resize=264px:264px&amp;output-quality=80&amp;output-format=jpeg&amp;im=BackgroundColor,color=fffff 264w" sizes="(min-width: 580px) 152px, 88px"><img src="https://img.rewe-static.de/1930502/24568902_digital-image.png?resize=152px:152px&amp;output-quality=80&amp;output-format=jpeg&amp;im=BackgroundColor,color=fffff" alt="Bio Banane ca. 200g" width="152" height="152"></picture></div></div><div class="BadgesContainer_productBadges__mIOO1 search-service-productBadges"><div class="badge_style_organicBadge__kj91r badge_style_badgeItem__vUyhV search-service-organicBadge search-service-badgeItem"></div></div></div><div class="ProductDetailsWrapper_productDetails__7vI_z search-service-productDetails"><div class="ProductDetailsWrapper_partnerName__CqluS search-service-partnerName ProductDetailsWrapper_partnerNameEmpty__c5rTb search-service-partnerNameEmpty"></div><div class="ProductDetailsWrapper_productTitleWrapper__nJ1Fr search-service-productTitleWrapper"><h4 class="ProductDetailsWrapper_productTitle__XjgsA search-service-productTitle" id="8-23376267-d1d1e1d1-b919-4288-879f-a0361c836ff4-product-title"><div class="LinesEllipsis  ">Bio Banane ca. 200g<wbr></div></h4></div><div class="ProductGrammage_productGrammage__fMOJr search-service-productGrammage"><div>1 Stück ca. 200 g (1 kg = 1,89 €)</div></div><div class="search-service-productDetailsFill ProductDetailsWrapper_productDetailsFill__TNboB"></div><div><div class="search-service-productPrice ProductPriceDisplay_productPrice__pqWxK">0,38 €</div></div></div></a></div><div class="search-service-basketButtons Product_basketButtons__SYAkC"><div class="search-service-ProductActions ProductActions_ProductActions__D_l5E"><meso-data data-listingid="8-23376267-d1d1e1d1-b919-4288-879f-a0361c836ff4" data-productid="1930502" data-orderlimit="199" data-amount="1" data-context="product-list-navigation"><div class="search-service-addToCartHandlerWrapper Add2CartHandler_addToCartHandlerWrapper__bvELT"><div class="bs_add2cart_container"><div class="lrms-favorite-button-container"><div class="lrms-addToFavMesoContainer"><div class="lrms-addToFavWrapper"><button class="lrms-addToFavHeartButton" data-cy="favorites-button_8-23376267-d1d1e1d1-b919-4288-879f-a0361c836ff4"><img src="https://shop.rewe-static.de/rewe-myproducts/static-images/tab-icon-heart_v2_1.svg" alt="Zu Favoriten hinzufügen"></button></div></div></div><script type="application/json" class="favoritebutton-propstore">{"additionalUiData":{"assetBaseUrl":"https://shop.rewe-static.de/rewe-myproducts/1460f8b0a79573560094733389e74ebb95f3137b","staticAssetBaseUrl":"https://shop.rewe-static.de/rewe-myproducts","favoritesBaseUrl":"/api/favorites","anonymousFavoritesBaseUrl":"/api/anonymousfavorites"},"testgroups":["MENGENRABATTIERUNG","HIDE_REGULAR_PRICE"],"togglz":[]}</script><div class="bs_amount-handler bs_add2cart bs_amount-zero without-animation" data-is-initialized="true"><button class="basket-button bs_amount-minus basket_ripple" disabled=""></button><input type="number" pattern="[0-9]*" value="0" class="basket-input bs_amount-input" autocomplete="off"><button class="basket-button bs_amount-plus basket_ripple" aria-label="Artikel zum Warenkorb hinzufügen"></button></div></div><script type="text/javascript">
                    if (!window.ReweBasket) {
                        window.ReweBasket = {}
                    }
                </script><script type="text/javascript">
                    (function () {
                      var event = 'basket:addToBasketbuttonV2Render';
                      var customEvent;
                      var data = {};
                      if (typeof CustomEvent === 'function') {
                          customEvent = new CustomEvent(event, {detail: data});
                      } else {
                          customEvent = document.createEvent('CustomEvent');
                          customEvent.initCustomEvent(event, false, false, data);
                      }
                      document.dispatchEvent(customEvent);
                    })();
                </script></div></meso-data></div></div></div><div class="search-service-product Product_product__maAwA" aria-labelledby="8-28085225-d1d1e1d1-b919-4288-879f-a0361c836ff4-product-title"><div><input type="hidden" name="nan" value="8108440"><input type="hidden" name="listingId" value="8-28085225-d1d1e1d1-b919-4288-879f-a0361c836ff4"></div><div class="search-service-productDetailsWrapper Product_productDetailsWrapper__bX_s8"><a class="search-service-productDetailsLink Product_productDetailsLink__hXXfb" href="/p/bio-kartoffeln-vorwiegend-festkochend-1-5kg/8108440"><div class="search-service-pictureWrapper ProductMediaWrapper_pictureWrapper__ZHKoX"><div class="search-service-productPicture ProductMediaWrapper_productPicture__OXMYf"><div class="search-service-rsProductsMedia ProductMedia_rsProductsMedia__TgDb_"><picture><source srcset="https://img.rewe-static.de/8108440/30644913_digital-image.png?resize=152px:152px&amp;output-quality=80&amp;output-format=webp&amp;im=BackgroundColor,color=fffff 152w, https://img.rewe-static.de/8108440/30644913_digital-image.png?resize=304px:304px&amp;output-quality=80&amp;output-format=webp&amp;im=BackgroundColor,color=fffff 304w, https://img.rewe-static.de/8108440/30644913_digital-image.png?resize=456px:456px&amp;output-quality=80&amp;output-format=webp&amp;im=BackgroundColor,color=fffff 456w, https://img.rewe-static.de/8108440/30644913_digital-image.png?resize=88px:88px&amp;output-quality=80&amp;output-format=webp&amp;im=BackgroundColor,color=fffff 88w, https://img.rewe-static.de/8108440/30644913_digital-image.png?resize=176px:176px&amp;output-quality=80&amp;output-format=webp&amp;im=BackgroundColor,color=fffff 176w, https://img.rewe-static.de/8108440/30644913_digital-image.png?resize=264px:264px&amp;output-quality=80&amp;output-format=webp&amp;im=BackgroundColor,color=fffff 264w" sizes="(min-width: 580px) 152px, 88px" type="image/webp"><source srcset="https://img.rewe-static.de/8108440/30644913_digital-image.png?resize=152px:152px&amp;output-quality=80&amp;output-format=jpeg2000&amp;im=BackgroundColor,color=fffff 152w, https://img.rewe-static.de/8108440/30644913_digital-image.png?resize=304px:304px&amp;output-quality=80&amp;output-format=jpeg2000&amp;im=BackgroundColor,color=fffff 304w, https://img.rewe-static.de/8108440/30644913_digital-image.png?resize=456px:456px&amp;output-quality=80&amp;output-format=jpeg2000&amp;im=BackgroundColor,color=fffff 456w, https://img.rewe-static.de/8108440/30644913_digital-image.png?resize=88px:88px&amp;output-quality=80&amp;output-format=jpeg2000&amp;im=BackgroundColor,color=fffff 88w, https://img.rewe-static.de/8108440/30644913_digital-image.png?resize=176px:176px&amp;output-quality=80&amp;output-format=jpeg2000&amp;im=BackgroundColor,color=fffff 176w, https://img.rewe-static.de/8108440/30644913_digital-image.png?resize=264px:264px&amp;output-quality=80&amp;output-format=jpeg2000&amp;im=BackgroundColor,color=fffff 264w" sizes="(min-width: 580px) 152px, 88px" type="image/jp2"><source srcset="https://img.rewe-static.de/8108440/30644913_digital-image.png?resize=152px:152px&amp;output-quality=80&amp;output-format=jpeg&amp;im=BackgroundColor,color=fffff 152w, https://img.rewe-static.de/8108440/30644913_digital-image.png?resize=304px:304px&amp;output-quality=80&amp;output-format=jpeg&amp;im=BackgroundColor,color=fffff 304w, https://img.rewe-static.de/8108440/30644913_digital-image.png?resize=456px:456px&amp;output-quality=80&amp;output-format=jpeg&amp;im=BackgroundColor,color=fffff 456w, https://img.rewe-static.de/8108440/30644913_digital-image.png?resize=88px:88px&amp;output-quality=80&amp;output-format=jpeg&amp;im=BackgroundColor,color=fffff 88w, https://img.rewe-static.de/8108440/30644913_digital-image.png?resize=176px:176px&amp;output-quality=80&amp;output-format=jpeg&amp;im=BackgroundColor,color=fffff 176w, https://img.rewe-static.de/8108440/30644913_digital-image.png?resize=264px:264px&amp;output-quality=80&amp;output-format=jpeg&amp;im=BackgroundColor,color=fffff 264w" sizes="(min-width: 580px) 152px, 88px"><img src="https://img.rewe-static.de/8108440/30644913_digital-image.png?resize=152px:152px&amp;output-quality=80&amp;output-format=jpeg&amp;im=BackgroundColor,color=fffff" alt="Bio Kartoffeln vorwiegend festkochend 1,5kg" width="152" height="152"></picture></div></div><div class="BadgesContainer_productBadges__mIOO1 search-service-productBadges"><div class="badge_style_organicBadge__kj91r badge_style_badgeItem__vUyhV search-service-organicBadge search-service-badgeItem"></div></div></div><div class="ProductDetailsWrapper_productDetails__7vI_z search-service-productDetails"><div class="ProductDetailsWrapper_partnerName__CqluS search-service-partnerName ProductDetailsWrapper_partnerNameEmpty__c5rTb search-service-partnerNameEmpty"></div><div class="ProductDetailsWrapper_productTitleWrapper__nJ1Fr search-service-productTitleWrapper"><h4 class="ProductDetailsWrapper_productTitle__XjgsA search-service-productTitle" id="8-28085225-d1d1e1d1-b919-4288-879f-a0361c836ff4-product-title"><div class="LinesEllipsis  ">Bio Kartoffeln vorwiegend festkochend 1,5kg<wbr></div></h4></div><div class="ProductGrammage_productGrammage__fMOJr search-service-productGrammage"><div>1,50kg (1 kg = 1,66 €)</div></div><div class="search-service-productDetailsFill ProductDetailsWrapper_productDetailsFill__TNboB"></div><div><div class="search-service-productPrice ProductPriceDisplay_productPrice__pqWxK">2,49 €</div></div></div></a></div><div class="search-service-basketButtons Product_basketButtons__SYAkC"><div class="search-service-ProductActions ProductActions_ProductActions__D_l5E"><meso-data data-listingid="8-28085225-d1d1e1d1-b919-4288-879f-a0361c836ff4" data-productid="8108440" data-orderlimit="99" data-amount="1" data-context="product-list-navigation"><div class="search-service-addToCartHandlerWrapper Add2CartHandler_addToCartHandlerWrapper__bvELT"><div class="bs_add2cart_container"><div class="lrms-favorite-button-container"><div class="lrms-addToFavMesoContainer"><div class="lrms-addToFavWrapper"><button class="lrms-addToFavHeartButton" data-cy="favorites-button_8-28085225-d1d1e1d1-b919-4288-879f-a0361c836ff4"><img src="https://shop.rewe-static.de/rewe-myproducts/static-images/tab-icon-heart_v2_1.svg" alt="Zu Favoriten hinzufügen"></button></div></div></div><script type="application/json" class="favoritebutton-propstore">{"additionalUiData":{"assetBaseUrl":"https://shop.rewe-static.de/rewe-myproducts/1460f8b0a79573560094733389e74ebb95f3137b","staticAssetBaseUrl":"https://shop.rewe-static.de/rewe-myproducts","favoritesBaseUrl":"/api/favorites","anonymousFavoritesBaseUrl":"/api/anonymousfavorites"},"testgroups":["MENGENRABATTIERUNG","HIDE_REGULAR_PRICE"],"togglz":[]}</script><div class="bs_amount-handler bs_add2cart bs_amount-zero without-animation" data-is-initialized="true"><button class="basket-button bs_amount-minus basket_ripple" disabled=""></button><input type="number" pattern="[0-9]*" value="0" class="basket-input bs_amount-input" autocomplete="off"><button class="basket-button bs_amount-plus basket_ripple" aria-label="Artikel zum Warenkorb hinzufügen"></button></div></div><script type="text/javascript">
                    if (!window.ReweBasket) {
                        window.ReweBasket = {}
                    }
                </script><script type="text/javascript">
                    (function () {
                      var event = 'basket:addToBasketbuttonV2Render';
                      var customEvent;
                      var data = {};
                      if (typeof CustomEvent === 'function') {
                          customEvent = new CustomEvent(event, {detail: data});
                      } else {
                          customEvent = document.createEvent('CustomEvent');
                          customEvent.initCustomEvent(event, false, false, data);
                      }
                      document.dispatchEvent(customEvent);
                    })();
                </script></div></meso-data></div></div></div><div class="search-service-product Product_product__maAwA" aria-labelledby="8-20005801-d1d1e1d1-b919-4288-879f-a0361c836ff4-product-title"><div><input type="hidden" name="nan" value="5800"><input type="hidden" name="listingId" value="8-20005801-d1d1e1d1-b919-4288-879f-a0361c836ff4"></div><div class="search-service-productDetailsWrapper Product_productDetailsWrapper__bX_s8"><a class="search-service-productDetailsLink Product_productDetailsLink__hXXfb" href="/p/birne-abate-fetel-ca-200g/5800"><div class="search-service-pictureWrapper ProductMediaWrapper_pictureWrapper__ZHKoX"><div class="search-service-productPicture ProductMediaWrapper_productPicture__OXMYf"><div class="search-service-rsProductsMedia ProductMedia_rsProductsMedia__TgDb_"><picture><source srcset="https://img.rewe-static.de/0005800/24569368_digital-image.png?resize=152px:152px&amp;output-quality=80&amp;output-format=webp&amp;im=BackgroundColor,color=fffff 152w, https://img.rewe-static.de/0005800/24569368_digital-image.png?resize=304px:304px&amp;output-quality=80&amp;output-format=webp&amp;im=BackgroundColor,color=fffff 304w, https://img.rewe-static.de/0005800/24569368_digital-image.png?resize=456px:456px&amp;output-quality=80&amp;output-format=webp&amp;im=BackgroundColor,color=fffff 456w, https://img.rewe-static.de/0005800/24569368_digital-image.png?resize=88px:88px&amp;output-quality=80&amp;output-format=webp&amp;im=BackgroundColor,color=fffff 88w, https://img.rewe-static.de/0005800/24569368_digital-image.png?resize=176px:176px&amp;output-quality=80&amp;output-format=webp&amp;im=BackgroundColor,color=fffff 176w, https://img.rewe-static.de/0005800/24569368_digital-image.png?resize=264px:264px&amp;output-quality=80&amp;output-format=webp&amp;im=BackgroundColor,color=fffff 264w" sizes="(min-width: 580px) 152px, 88px" type="image/webp"><source srcset="https://img.rewe-static.de/0005800/24569368_digital-image.png?resize=152px:152px&amp;output-quality=80&amp;output-format=jpeg2000&amp;im=BackgroundColor,color=fffff 152w, https://img.rewe-static.de/0005800/24569368_digital-image.png?resize=304px:304px&amp;output-quality=80&amp;output-format=jpeg2000&amp;im=BackgroundColor,color=fffff 304w, https://img.rewe-static.de/0005800/24569368_digital-image.png?resize=456px:456px&amp;output-quality=80&amp;output-format=jpeg2000&amp;im=BackgroundColor,color=fffff 456w, https://img.rewe-static.de/0005800/24569368_digital-image.png?resize=88px:88px&amp;output-quality=80&amp;output-format=jpeg2000&amp;im=BackgroundColor,color=fffff 88w, https://img.rewe-static.de/0005800/24569368_digital-image.png?resize=176px:176px&amp;output-quality=80&amp;output-format=jpeg2000&amp;im=BackgroundColor,color=fffff 176w, https://img.rewe-static.de/0005800/24569368_digital-image.png?resize=264px:264px&amp;output-quality=80&amp;output-format=jpeg2000&amp;im=BackgroundColor,color=fffff 264w" sizes="(min-width: 580px) 152px, 88px" type="image/jp2"><source srcset="https://img.rewe-static.de/0005800/24569368_digital-image.png?resize=152px:152px&amp;output-quality=80&amp;output-format=jpeg&amp;im=BackgroundColor,color=fffff 152w, https://img.rewe-static.de/0005800/24569368_digital-image.png?resize=304px:304px&amp;output-quality=80&amp;output-format=jpeg&amp;im=BackgroundColor,color=fffff 304w, https://img.rewe-static.de/0005800/24569368_digital-image.png?resize=456px:456px&amp;output-quality=80&amp;output-format=jpeg&amp;im=BackgroundColor,color=fffff 456w, https://img.rewe-static.de/0005800/24569368_digital-image.png?resize=88px:88px&amp;output-quality=80&amp;output-format=jpeg&amp;im=BackgroundColor,color=fffff 88w, https://img.rewe-static.de/0005800/24569368_digital-image.png?resize=176px:176px&amp;output-quality=80&amp;output-format=jpeg&amp;im=BackgroundColor,color=fffff 176w, https://img.rewe-static.de/0005800/24569368_digital-image.png?resize=264px:264px&amp;output-quality=80&amp;output-format=jpeg&amp;im=BackgroundColor,color=fffff 264w" sizes="(min-width: 580px) 152px, 88px"><img src="https://img.rewe-static.de/0005800/24569368_digital-image.png?resize=152px:152px&amp;output-quality=80&amp;output-format=jpeg&amp;im=BackgroundColor,color=fffff" alt="Birne Abate Fetel ca. 200g" width="152" height="152"></picture></div></div><div class="BadgesContainer_productBadges__mIOO1 search-service-productBadges"></div></div><div class="ProductDetailsWrapper_productDetails__7vI_z search-service-productDetails"><div class="ProductDetailsWrapper_partnerName__CqluS search-service-partnerName ProductDetailsWrapper_partnerNameEmpty__c5rTb search-service-partnerNameEmpty"></div><div class="ProductDetailsWrapper_productTitleWrapper__nJ1Fr search-service-productTitleWrapper"><h4 class="ProductDetailsWrapper_productTitle__XjgsA search-service-productTitle" id="8-20005801-d1d1e1d1-b919-4288-879f-a0361c836ff4-product-title"><div class="LinesEllipsis  ">Birne Abate Fetel ca. 200g<wbr></div></h4></div><div class="ProductGrammage_productGrammage__fMOJr search-service-productGrammage"><div>1 Stück ca. 200 g (1 kg = 3,99 €)</div></div><div class="search-service-productDetailsFill ProductDetailsWrapper_productDetailsFill__TNboB"></div><div><div class="search-service-productPrice ProductPriceDisplay_productPrice__pqWxK">0,80 €</div></div></div></a></div><div class="search-service-basketButtons Product_basketButtons__SYAkC"><div class="search-service-ProductActions ProductActions_ProductActions__D_l5E"><meso-data data-listingid="8-20005801-d1d1e1d1-b919-4288-879f-a0361c836ff4" data-productid="5800" data-orderlimit="99" data-amount="1" data-context="product-list-navigation"><div class="search-service-addToCartHandlerWrapper Add2CartHandler_addToCartHandlerWrapper__bvELT"><div class="bs_add2cart_container"><div class="lrms-favorite-button-container"><div class="lrms-addToFavMesoContainer"><div class="lrms-addToFavWrapper"><button class="lrms-addToFavHeartButton" data-cy="favorites-button_8-20005801-d1d1e1d1-b919-4288-879f-a0361c836ff4"><img src="https://shop.rewe-static.de/rewe-myproducts/static-images/tab-icon-heart_v2_1.svg" alt="Zu Favoriten hinzufügen"></button></div></div></div><script type="application/json" class="favoritebutton-propstore">{"additionalUiData":{"assetBaseUrl":"https://shop.rewe-static.de/rewe-myproducts/1460f8b0a79573560094733389e74ebb95f3137b","staticAssetBaseUrl":"https://shop.rewe-static.de/rewe-myproducts","favoritesBaseUrl":"/api/favorites","anonymousFavoritesBaseUrl":"/api/anonymousfavorites"},"testgroups":["MENGENRABATTIERUNG","HIDE_REGULAR_PRICE"],"togglz":[]}</script><div class="bs_amount-handler bs_add2cart bs_amount-zero without-animation" data-is-initialized="true"><button class="basket-button bs_amount-minus basket_ripple" disabled=""></button><input type="number" pattern="[0-9]*" value="0" class="basket-input bs_amount-input" autocomplete="off"><button class="basket-button bs_amount-plus basket_ripple" aria-label="Artikel zum Warenkorb hinzufügen"></button></div></div><script type="text/javascript">
                    if (!window.ReweBasket) {
                        window.ReweBasket = {}
                    }
                </script><script type="text/javascript">
                    (function () {
                      var event = 'basket:addToBasketbuttonV2Render';
                      var customEvent;
                      var data = {};
                      if (typeof CustomEvent === 'function') {
                          customEvent = new CustomEvent(event, {detail: data});
                      } else {
                          customEvent = document.createEvent('CustomEvent');
                          customEvent.initCustomEvent(event, false, false, data);
                      }
                      document.dispatchEvent(customEvent);
                    })();
                </script></div></meso-data></div></div></div><div class="search-service-product Product_product__maAwA" aria-labelledby="8-28283492-d1d1e1d1-b919-4288-879f-a0361c836ff4-product-title"><div><input type="hidden" name="nan" value="7261673"><input type="hidden" name="listingId" value="8-28283492-d1d1e1d1-b919-4288-879f-a0361c836ff4"></div><div class="search-service-productDetailsWrapper Product_productDetailsWrapper__bX_s8"><a class="search-service-productDetailsLink Product_productDetailsLink__hXXfb" href="/p/birne-gruen-1kg/7261673"><div class="search-service-pictureWrapper ProductMediaWrapper_pictureWrapper__ZHKoX"><div class="search-service-productPicture ProductMediaWrapper_productPicture__OXMYf"><div class="search-service-rsProductsMedia ProductMedia_rsProductsMedia__TgDb_"><picture><source srcset="https://img.rewe-static.de/7261673/27767336_digital-image.png?resize=152px:152px&amp;output-quality=80&amp;output-format=webp&amp;im=BackgroundColor,color=fffff 152w, https://img.rewe-static.de/7261673/27767336_digital-image.png?resize=304px:304px&amp;output-quality=80&amp;output-format=webp&amp;im=BackgroundColor,color=fffff 304w, https://img.rewe-static.de/7261673/27767336_digital-image.png?resize=456px:456px&amp;output-quality=80&amp;output-format=webp&amp;im=BackgroundColor,color=fffff 456w, https://img.rewe-static.de/7261673/27767336_digital-image.png?resize=88px:88px&amp;output-quality=80&amp;output-format=webp&amp;im=BackgroundColor,color=fffff 88w, https://img.rewe-static.de/7261673/27767336_digital-image.png?resize=176px:176px&amp;output-quality=80&amp;output-format=webp&amp;im=BackgroundColor,color=fffff 176w, https://img.rewe-static.de/7261673/27767336_digital-image.png?resize=264px:264px&amp;output-quality=80&amp;output-format=webp&amp;im=BackgroundColor,color=fffff 264w" sizes="(min-width: 580px) 152px, 88px" type="image/webp"><source srcset="https://img.rewe-static.de/7261673/27767336_digital-image.png?resize=152px:152px&amp;output-quality=80&amp;output-format=jpeg2000&amp;im=BackgroundColor,color=fffff 152w, https://img.rewe-static.de/7261673/27767336_digital-image.png?resize=304px:304px&amp;output-quality=80&amp;output-format=jpeg2000&amp;im=BackgroundColor,color=fffff 304w, https://img.rewe-static.de/7261673/27767336_digital-image.png?resize=456px:456px&amp;output-quality=80&amp;output-format=jpeg2000&amp;im=BackgroundColor,color=fffff 456w, https://img.rewe-static.de/7261673/27767336_digital-image.png?resize=88px:88px&amp;output-quality=80&amp;output-format=jpeg2000&amp;im=BackgroundColor,color=fffff 88w, https://img.rewe-static.de/7261673/27767336_digital-image.png?resize=176px:176px&amp;output-quality=80&amp;output-format=jpeg2000&amp;im=BackgroundColor,color=fffff 176w, https://img.rewe-static.de/7261673/27767336_digital-image.png?resize=264px:264px&amp;output-quality=80&amp;output-format=jpeg2000&amp;im=BackgroundColor,color=fffff 264w" sizes="(min-width: 580px) 152px, 88px" type="image/jp2"><source srcset="https://img.rewe-static.de/7261673/27767336_digital-image.png?resize=152px:152px&amp;output-quality=80&amp;output-format=jpeg&amp;im=BackgroundColor,color=fffff 152w, https://img.rewe-static.de/7261673/27767336_digital-image.png?resize=304px:304px&amp;output-quality=80&amp;output-format=jpeg&amp;im=BackgroundColor,color=fffff 304w, https://img.rewe-static.de/7261673/27767336_digital-image.png?resize=456px:456px&amp;output-quality=80&amp;output-format=jpeg&amp;im=BackgroundColor,color=fffff 456w, https://img.rewe-static.de/7261673/27767336_digital-image.png?resize=88px:88px&amp;output-quality=80&amp;output-format=jpeg&amp;im=BackgroundColor,color=fffff 88w, https://img.rewe-static.de/7261673/27767336_digital-image.png?resize=176px:176px&amp;output-quality=80&amp;output-format=jpeg&amp;im=BackgroundColor,color=fffff 176w, https://img.rewe-static.de/7261673/27767336_digital-image.png?resize=264px:264px&amp;output-quality=80&amp;output-format=jpeg&amp;im=BackgroundColor,color=fffff 264w" sizes="(min-width: 580px) 152px, 88px"><img src="https://img.rewe-static.de/7261673/27767336_digital-image.png?resize=152px:152px&amp;output-quality=80&amp;output-format=jpeg&amp;im=BackgroundColor,color=fffff" alt="Birne grün 1kg" loading="lazy" width="152" height="152"></picture></div></div><div class="BadgesContainer_productBadges__mIOO1 search-service-productBadges"></div></div><div class="ProductDetailsWrapper_productDetails__7vI_z search-service-productDetails"><div class="ProductDetailsWrapper_partnerName__CqluS search-service-partnerName ProductDetailsWrapper_partnerNameEmpty__c5rTb search-service-partnerNameEmpty"></div><div class="ProductDetailsWrapper_productTitleWrapper__nJ1Fr search-service-productTitleWrapper"><h4 class="ProductDetailsWrapper_productTitle__XjgsA search-service-productTitle" id="8-28283492-d1d1e1d1-b919-4288-879f-a0361c836ff4-product-title"><div class="LinesEllipsis  ">Birne grün 1kg<wbr></div></h4></div><div class="ProductGrammage_productGrammage__fMOJr search-service-productGrammage"><div>1kg</div></div><div class="search-service-productDetailsFill ProductDetailsWrapper_productDetailsFill__TNboB"></div><div><div class="search-service-productPrice ProductPriceDisplay_productPrice__pqWxK">1,79 €</div></div></div></a></div><div class="search-service-basketButtons Product_basketButtons__SYAkC"><div class="search-service-ProductActions ProductActions_ProductActions__D_l5E"><meso-data data-listingid="8-28283492-d1d1e1d1-b919-4288-879f-a0361c836ff4" data-productid="7261673" data-orderlimit="99" data-amount="1" data-context="product-list-navigation"><div class="search-service-addToCartHandlerWrapper Add2CartHandler_addToCartHandlerWrapper__bvELT"><div class="bs_add2cart_container"><div class="lrms-favorite-button-container"><div class="lrms-addToFavMesoContainer"><div class="lrms-addToFavWrapper"><button class="lrms-addToFavHeartButton" data-cy="favorites-button_8-28283492-d1d1e1d1-b919-4288-879f-a0361c836ff4"><img src="https://shop.rewe-static.de/rewe-myproducts/static-images/tab-icon-heart_v2_1.svg" alt="Zu Favoriten hinzufügen"></button></div></div></div><script type="application/json" class="favoritebutton-propstore">{"additionalUiData":{"assetBaseUrl":"https://shop.rewe-static.de/rewe-myproducts/1460f8b0a79573560094733389e74ebb95f3137b","staticAssetBaseUrl":"https://shop.rewe-static.de/rewe-myproducts","favoritesBaseUrl":"/api/favorites","anonymousFavoritesBaseUrl":"/api/anonymousfavorites"},"testgroups":["MENGENRABATTIERUNG","HIDE_REGULAR_PRICE"],"togglz":[]}</script><div class="bs_amount-handler bs_add2cart bs_amount-zero without-animation" data-is-initialized="true"><button class="basket-button bs_amount-minus basket_ripple" disabled=""></button><input type="number" pattern="[0-9]*" value="0" class="basket-input bs_amount-input" autocomplete="off"><button class="basket-button bs_amount-plus basket_ripple" aria-label="Artikel zum Warenkorb hinzufügen"></button></div></div><script type="text/javascript">
                    if (!window.ReweBasket) {
                        window.ReweBasket = {}
                    }
                </script><script type="text/javascript">
                    (function () {
                      var event = 'basket:addToBasketbuttonV2Render';
                      var customEvent;
                      var data = {};
                      if (typeof CustomEvent === 'function') {
                          customEvent = new CustomEvent(event, {detail: data});
                      } else {
                          customEvent = document.createEvent('CustomEvent');
                          customEvent.initCustomEvent(event, false, false, data);
                      }
                      document.dispatchEvent(customEvent);
                    })();
                </script></div></meso-data></div></div></div><div class="search-service-product Product_product__maAwA" aria-labelledby="8-20482336-d1d1e1d1-b919-4288-879f-a0361c836ff4-product-title"><div><input type="hidden" name="nan" value="482331"><input type="hidden" name="listingId" value="8-20482336-d1d1e1d1-b919-4288-879f-a0361c836ff4"></div><div class="search-service-productDetailsWrapper Product_productDetailsWrapper__bX_s8"><a class="search-service-productDetailsLink Product_productDetailsLink__hXXfb" href="/p/blumenkohl-weiss-1-stueck/482331"><div class="search-service-pictureWrapper ProductMediaWrapper_pictureWrapper__ZHKoX"><div class="search-service-productPicture ProductMediaWrapper_productPicture__OXMYf"><div class="search-service-rsProductsMedia ProductMedia_rsProductsMedia__TgDb_"><picture><source srcset="https://img.rewe-static.de/0482331/7361280_digital-image.png?resize=152px:152px&amp;output-quality=80&amp;output-format=webp&amp;im=BackgroundColor,color=fffff 152w, https://img.rewe-static.de/0482331/7361280_digital-image.png?resize=304px:304px&amp;output-quality=80&amp;output-format=webp&amp;im=BackgroundColor,color=fffff 304w, https://img.rewe-static.de/0482331/7361280_digital-image.png?resize=456px:456px&amp;output-quality=80&amp;output-format=webp&amp;im=BackgroundColor,color=fffff 456w, https://img.rewe-static.de/0482331/7361280_digital-image.png?resize=88px:88px&amp;output-quality=80&amp;output-format=webp&amp;im=BackgroundColor,color=fffff 88w, https://img.rewe-static.de/0482331/7361280_digital-image.png?resize=176px:176px&amp;output-quality=80&amp;output-format=webp&amp;im=BackgroundColor,color=fffff 176w, https://img.rewe-static.de/0482331/7361280_digital-image.png?resize=264px:264px&amp;output-quality=80&amp;output-format=webp&amp;im=BackgroundColor,color=fffff 264w" sizes="(min-width: 580px) 152px, 88px" type="image/webp"><source srcset="https://img.rewe-static.de/0482331/7361280_digital-image.png?resize=152px:152px&amp;output-quality=80&amp;output-format=jpeg2000&amp;im=BackgroundColor,color=fffff 152w, https://img.rewe-static.de/0482331/7361280_digital-image.png?resize=304px:304px&amp;output-quality=80&amp;output-format=jpeg2000&amp;im=BackgroundColor,color=fffff 304w, https://img.rewe-static.de/0482331/7361280_digital-image.png?resize=456px:456px&amp;output-quality=80&amp;output-format=jpeg2000&amp;im=BackgroundColor,color=fffff 456w, https://img.rewe-static.de/0482331/7361280_digital-image.png?resize=88px:88px&amp;output-quality=80&amp;output-format=jpeg2000&amp;im=BackgroundColor,color=fffff 88w, https://img.rewe-static.de/0482331/7361280_digital-image.png?resize=176px:176px&amp;output-quality=80&amp;output-format=jpeg2000&amp;im=BackgroundColor,color=fffff 176w, https://img.rewe-static.de/0482331/7361280_digital-image.png?resize=264px:264px&amp;output-quality=80&amp;output-format=jpeg2000&amp;im=BackgroundColor,color=fffff 264w" sizes="(min-width: 580px) 152px, 88px" type="image/jp2"><source srcset="https://img.rewe-static.de/0482331/7361280_digital-image.png?resize=152px:152px&amp;output-quality=80&amp;output-format=jpeg&amp;im=BackgroundColor,color=fffff 152w, https://img.rewe-static.de/0482331/7361280_digital-image.png?resize=304px:304px&amp;output-quality=80&amp;output-format=jpeg&amp;im=BackgroundColor,color=fffff 304w, https://img.rewe-static.de/0482331/7361280_digital-image.png?resize=456px:456px&amp;output-quality=80&amp;output-format=jpeg&amp;im=BackgroundColor,color=fffff 456w, https://img.rewe-static.de/0482331/7361280_digital-image.png?resize=88px:88px&amp;output-quality=80&amp;output-format=jpeg&amp;im=BackgroundColor,color=fffff 88w, https://img.rewe-static.de/0482331/7361280_digital-image.png?resize=176px:176px&amp;output-quality=80&amp;output-format=jpeg&amp;im=BackgroundColor,color=fffff 176w, https://img.rewe-static.de/0482331/7361280_digital-image.png?resize=264px:264px&amp;output-quality=80&amp;output-format=jpeg&amp;im=BackgroundColor,color=fffff 264w" sizes="(min-width: 580px) 152px, 88px"><img src="https://img.rewe-static.de/0482331/7361280_digital-image.png?resize=152px:152px&amp;output-quality=80&amp;output-format=jpeg&amp;im=BackgroundColor,color=fffff" alt="Blumenkohl weiß 1 Stück" loading="lazy" width="152" height="152"></picture></div></div><div class="BadgesContainer_productBadges__mIOO1 search-service-productBadges"></div></div><div class="ProductDetailsWrapper_productDetails__7vI_z search-service-productDetails"><div class="ProductDetailsWrapper_partnerName__CqluS search-service-partnerName ProductDetailsWrapper_partnerNameEmpty__c5rTb search-service-partnerNameEmpty"></div><div class="ProductDetailsWrapper_productTitleWrapper__nJ1Fr search-service-productTitleWrapper"><h4 class="ProductDetailsWrapper_productTitle__XjgsA search-service-productTitle" id="8-20482336-d1d1e1d1-b919-4288-879f-a0361c836ff4-product-title"><div class="LinesEllipsis  ">Blumenkohl weiß 1 Stück<wbr></div></h4></div><div class="ProductGrammage_productGrammage__fMOJr search-service-productGrammage"><div>1 Stück</div></div><div class="search-service-productDetailsFill ProductDetailsWrapper_productDetailsFill__TNboB"></div><div><div class="search-service-productPrice ProductPriceDisplay_productPrice__pqWxK">1,99 €</div></div></div></a></div><div class="search-service-basketButtons Product_basketButtons__SYAkC"><div class="search-service-ProductActions ProductActions_ProductActions__D_l5E"><meso-data data-listingid="8-20482336-d1d1e1d1-b919-4288-879f-a0361c836ff4" data-productid="482331" data-orderlimit="99" data-amount="1" data-context="product-list-navigation"><div class="search-service-addToCartHandlerWrapper Add2CartHandler_addToCartHandlerWrapper__bvELT"><div class="bs_add2cart_container"><div class="lrms-favorite-button-container"><div class="lrms-addToFavMesoContainer"><div class="lrms-addToFavWrapper"><button class="lrms-addToFavHeartButton" data-cy="favorites-button_8-20482336-d1d1e1d1-b919-4288-879f-a0361c836ff4"><img src="https://shop.rewe-static.de/rewe-myproducts/static-images/tab-icon-heart_v2_1.svg" alt="Zu Favoriten hinzufügen"></button></div></div></div><script type="application/json" class="favoritebutton-propstore">{"additionalUiData":{"assetBaseUrl":"https://shop.rewe-static.de/rewe-myproducts/1460f8b0a79573560094733389e74ebb95f3137b","staticAssetBaseUrl":"https://shop.rewe-static.de/rewe-myproducts","favoritesBaseUrl":"/api/favorites","anonymousFavoritesBaseUrl":"/api/anonymousfavorites"},"testgroups":["MENGENRABATTIERUNG","HIDE_REGULAR_PRICE"],"togglz":[]}</script><div class="bs_amount-handler bs_add2cart bs_amount-zero without-animation" data-is-initialized="true"><button class="basket-button bs_amount-minus basket_ripple" disabled=""></button><input type="number" pattern="[0-9]*" value="0" class="basket-input bs_amount-input" autocomplete="off"><button class="basket-button bs_amount-plus basket_ripple" aria-label="Artikel zum Warenkorb hinzufügen"></button></div></div><script type="text/javascript">
                    if (!window.ReweBasket) {
                        window.ReweBasket = {}
                    }
                </script><script type="text/javascript">
                    (function () {
                      var event = 'basket:addToBasketbuttonV2Render';
                      var customEvent;
                      var data = {};
                      if (typeof CustomEvent === 'function') {
                          customEvent = new CustomEvent(event, {detail: data});
                      } else {
                          customEvent = document.createEvent('CustomEvent');
                          customEvent.initCustomEvent(event, false, false, data);
                      }
                      document.dispatchEvent(customEvent);
                    })();
                </script></div></meso-data></div></div></div><div class="search-service-product Product_product__maAwA" aria-labelledby="13-8033237100559-d1d1e1d1-b919-4288-879f-a0361c836ff4-product-title"><div><input type="hidden" name="nan" value="1007433"><input type="hidden" name="listingId" value="13-8033237100559-d1d1e1d1-b919-4288-879f-a0361c836ff4"></div><div class="search-service-productDetailsWrapper Product_productDetailsWrapper__bX_s8"><a class="search-service-productDetailsLink Product_productDetailsLink__hXXfb" href="/p/broccoli-500g/1007433"><div class="search-service-pictureWrapper ProductMediaWrapper_pictureWrapper__ZHKoX"><div class="search-service-productPicture ProductMediaWrapper_productPicture__OXMYf"><div class="search-service-rsProductsMedia ProductMedia_rsProductsMedia__TgDb_"><picture><source srcset="https://img.rewe-static.de/1007433/21403678_digital-image.png?resize=152px:152px&amp;output-quality=80&amp;output-format=webp&amp;im=BackgroundColor,color=fffff 152w, https://img.rewe-static.de/1007433/21403678_digital-image.png?resize=304px:304px&amp;output-quality=80&amp;output-format=webp&amp;im=BackgroundColor,color=fffff 304w, https://img.rewe-static.de/1007433/21403678_digital-image.png?resize=456px:456px&amp;output-quality=80&amp;output-format=webp&amp;im=BackgroundColor,color=fffff 456w, https://img.rewe-static.de/1007433/21403678_digital-image.png?resize=88px:88px&amp;output-quality=80&amp;output-format=webp&amp;im=BackgroundColor,color=fffff 88w, https://img.rewe-static.de/1007433/21403678_digital-image.png?resize=176px:176px&amp;output-quality=80&amp;output-format=webp&amp;im=BackgroundColor,color=fffff 176w, https://img.rewe-static.de/1007433/21403678_digital-image.png?resize=264px:264px&amp;output-quality=80&amp;output-format=webp&amp;im=BackgroundColor,color=fffff 264w" sizes="(min-width: 580px) 152px, 88px" type="image/webp"><source srcset="https://img.rewe-static.de/1007433/21403678_digital-image.png?resize=152px:152px&amp;output-quality=80&amp;output-format=jpeg2000&amp;im=BackgroundColor,color=fffff 152w, https://img.rewe-static.de/1007433/21403678_digital-image.png?resize=304px:304px&amp;output-quality=80&amp;output-format=jpeg2000&amp;im=BackgroundColor,color=fffff 304w, https://img.rewe-static.de/1007433/21403678_digital-image.png?resize=456px:456px&amp;output-quality=80&amp;output-format=jpeg2000&amp;im=BackgroundColor,color=fffff 456w, https://img.rewe-static.de/1007433/21403678_digital-image.png?resize=88px:88px&amp;output-quality=80&amp;output-format=jpeg2000&amp;im=BackgroundColor,color=fffff 88w, https://img.rewe-static.de/1007433/21403678_digital-image.png?resize=176px:176px&amp;output-quality=80&amp;output-format=jpeg2000&amp;im=BackgroundColor,color=fffff 176w, https://img.rewe-static.de/1007433/21403678_digital-image.png?resize=264px:264px&amp;output-quality=80&amp;output-format=jpeg2000&amp;im=BackgroundColor,color=fffff 264w" sizes="(min-width: 580px) 152px, 88px" type="image/jp2"><source srcset="https://img.rewe-static.de/1007433/21403678_digital-image.png?resize=152px:152px&amp;output-quality=80&amp;output-format=jpeg&amp;im=BackgroundColor,color=fffff 152w, https://img.rewe-static.de/1007433/21403678_digital-image.png?resize=304px:304px&amp;output-quality=80&amp;output-format=jpeg&amp;im=BackgroundColor,color=fffff 304w, https://img.rewe-static.de/1007433/21403678_digital-image.png?resize=456px:456px&amp;output-quality=80&amp;output-format=jpeg&amp;im=BackgroundColor,color=fffff 456w, https://img.rewe-static.de/1007433/21403678_digital-image.png?resize=88px:88px&amp;output-quality=80&amp;output-format=jpeg&amp;im=BackgroundColor,color=fffff 88w, https://img.rewe-static.de/1007433/21403678_digital-image.png?resize=176px:176px&amp;output-quality=80&amp;output-format=jpeg&amp;im=BackgroundColor,color=fffff 176w, https://img.rewe-static.de/1007433/21403678_digital-image.png?resize=264px:264px&amp;output-quality=80&amp;output-format=jpeg&amp;im=BackgroundColor,color=fffff 264w" sizes="(min-width: 580px) 152px, 88px"><img src="https://img.rewe-static.de/1007433/21403678_digital-image.png?resize=152px:152px&amp;output-quality=80&amp;output-format=jpeg&amp;im=BackgroundColor,color=fffff" alt="Broccoli 500g" loading="lazy" width="152" height="152"></picture></div></div><div class="BadgesContainer_productBadges__mIOO1 search-service-productBadges"></div></div><div class="ProductDetailsWrapper_productDetails__7vI_z search-service-productDetails"><div class="ProductDetailsWrapper_partnerName__CqluS search-service-partnerName ProductDetailsWrapper_partnerNameEmpty__c5rTb search-service-partnerNameEmpty"></div><div class="ProductDetailsWrapper_productTitleWrapper__nJ1Fr search-service-productTitleWrapper"><h4 class="ProductDetailsWrapper_productTitle__XjgsA search-service-productTitle" id="13-8033237100559-d1d1e1d1-b919-4288-879f-a0361c836ff4-product-title"><div class="LinesEllipsis  ">Broccoli 500g<wbr></div></h4></div><div class="ProductGrammage_productGrammage__fMOJr search-service-productGrammage"><div>500g (1 kg = 3,58 €)</div></div><div class="search-service-productDetailsFill ProductDetailsWrapper_productDetailsFill__TNboB"></div><div><div class="search-service-productPrice ProductPriceDisplay_productPrice__pqWxK">1,79 €</div></div></div></a></div><div class="search-service-basketButtons Product_basketButtons__SYAkC"><div class="search-service-ProductActions ProductActions_ProductActions__D_l5E"><meso-data data-listingid="13-8033237100559-d1d1e1d1-b919-4288-879f-a0361c836ff4" data-productid="1007433" data-orderlimit="99" data-amount="1" data-context="product-list-navigation"><div class="search-service-addToCartHandlerWrapper Add2CartHandler_addToCartHandlerWrapper__bvELT"><div class="bs_add2cart_container"><div class="lrms-favorite-button-container"><div class="lrms-addToFavMesoContainer"><div class="lrms-addToFavWrapper"><button class="lrms-addToFavHeartButton" data-cy="favorites-button_13-8033237100559-d1d1e1d1-b919-4288-879f-a0361c836ff4"><img src="https://shop.rewe-static.de/rewe-myproducts/static-images/tab-icon-heart_v2_1.svg" alt="Zu Favoriten hinzufügen"></button></div></div></div><script type="application/json" class="favoritebutton-propstore">{"additionalUiData":{"assetBaseUrl":"https://shop.rewe-static.de/rewe-myproducts/1460f8b0a79573560094733389e74ebb95f3137b","staticAssetBaseUrl":"https://shop.rewe-static.de/rewe-myproducts","favoritesBaseUrl":"/api/favorites","anonymousFavoritesBaseUrl":"/api/anonymousfavorites"},"testgroups":["MENGENRABATTIERUNG","HIDE_REGULAR_PRICE"],"togglz":[]}</script><div class="bs_amount-handler bs_add2cart bs_amount-zero without-animation" data-is-initialized="true"><button class="basket-button bs_amount-minus basket_ripple" disabled=""></button><input type="number" pattern="[0-9]*" value="0" class="basket-input bs_amount-input" autocomplete="off"><button class="basket-button bs_amount-plus basket_ripple" aria-label="Artikel zum Warenkorb hinzufügen"></button></div></div><script type="text/javascript">
                    if (!window.ReweBasket) {
                        window.ReweBasket = {}
                    }
                </script><script type="text/javascript">
                    (function () {
                      var event = 'basket:addToBasketbuttonV2Render';
                      var customEvent;
                      var data = {};
                      if (typeof CustomEvent === 'function') {
                          customEvent = new CustomEvent(event, {detail: data});
                      } else {
                          customEvent = document.createEvent('CustomEvent');
                          customEvent.initCustomEvent(event, false, false, data);
                      }
                      document.dispatchEvent(customEvent);
                    })();
                </script></div></meso-data></div></div></div><div class="search-service-product Product_product__maAwA" aria-labelledby="13-4030847103981-d1d1e1d1-b919-4288-879f-a0361c836ff4-product-title"><div><input type="hidden" name="nan" value="1033904"><input type="hidden" name="listingId" value="13-4030847103981-d1d1e1d1-b919-4288-879f-a0361c836ff4"></div><div class="search-service-productDetailsWrapper Product_productDetailsWrapper__bX_s8"><a class="search-service-productDetailsLink Product_productDetailsLink__hXXfb" href="/p/cherry-rispentomate-350g/1033904"><div class="search-service-pictureWrapper ProductMediaWrapper_pictureWrapper__ZHKoX"><div class="search-service-productPicture ProductMediaWrapper_productPicture__OXMYf"><div class="search-service-rsProductsMedia ProductMedia_rsProductsMedia__TgDb_"><picture><source srcset="https://img.rewe-static.de/1033904/31264784_digital-image.png?resize=152px:152px&amp;output-quality=80&amp;output-format=webp&amp;im=BackgroundColor,color=fffff 152w, https://img.rewe-static.de/1033904/31264784_digital-image.png?resize=304px:304px&amp;output-quality=80&amp;output-format=webp&amp;im=BackgroundColor,color=fffff 304w, https://img.rewe-static.de/1033904/31264784_digital-image.png?resize=456px:456px&amp;output-quality=80&amp;output-format=webp&amp;im=BackgroundColor,color=fffff 456w, https://img.rewe-static.de/1033904/31264784_digital-image.png?resize=88px:88px&amp;output-quality=80&amp;output-format=webp&amp;im=BackgroundColor,color=fffff 88w, https://img.rewe-static.de/1033904/31264784_digital-image.png?resize=176px:176px&amp;output-quality=80&amp;output-format=webp&amp;im=BackgroundColor,color=fffff 176w, https://img.rewe-static.de/1033904/31264784_digital-image.png?resize=264px:264px&amp;output-quality=80&amp;output-format=webp&amp;im=BackgroundColor,color=fffff 264w" sizes="(min-width: 580px) 152px, 88px" type="image/webp"><source srcset="https://img.rewe-static.de/1033904/31264784_digital-image.png?resize=152px:152px&amp;output-quality=80&amp;output-format=jpeg2000&amp;im=BackgroundColor,color=fffff 152w, https://img.rewe-static.de/1033904/31264784_digital-image.png?resize=304px:304px&amp;output-quality=80&amp;output-format=jpeg2000&amp;im=BackgroundColor,color=fffff 304w, https://img.rewe-static.de/1033904/31264784_digital-image.png?resize=456px:456px&amp;output-quality=80&amp;output-format=jpeg2000&amp;im=BackgroundColor,color=fffff 456w, https://img.rewe-static.de/1033904/31264784_digital-image.png?resize=88px:88px&amp;output-quality=80&amp;output-format=jpeg2000&amp;im=BackgroundColor,color=fffff 88w, https://img.rewe-static.de/1033904/31264784_digital-image.png?resize=176px:176px&amp;output-quality=80&amp;output-format=jpeg2000&amp;im=BackgroundColor,color=fffff 176w, https://img.rewe-static.de/1033904/31264784_digital-image.png?resize=264px:264px&amp;output-quality=80&amp;output-format=jpeg2000&amp;im=BackgroundColor,color=fffff 264w" sizes="(min-width: 580px) 152px, 88px" type="image/jp2"><source srcset="https://img.rewe-static.de/1033904/31264784_digital-image.png?resize=152px:152px&amp;output-quality=80&amp;output-format=jpeg&amp;im=BackgroundColor,color=fffff 152w, https://img.rewe-static.de/1033904/31264784_digital-image.png?resize=304px:304px&amp;output-quality=80&amp;output-format=jpeg&amp;im=BackgroundColor,color=fffff 304w, https://img.rewe-static.de/1033904/31264784_digital-image.png?resize=456px:456px&amp;output-quality=80&amp;output-format=jpeg&amp;im=BackgroundColor,color=fffff 456w, https://img.rewe-static.de/1033904/31264784_digital-image.png?resize=88px:88px&amp;output-quality=80&amp;output-format=jpeg&amp;im=BackgroundColor,color=fffff 88w, https://img.rewe-static.de/1033904/31264784_digital-image.png?resize=176px:176px&amp;output-quality=80&amp;output-format=jpeg&amp;im=BackgroundColor,color=fffff 176w, https://img.rewe-static.de/1033904/31264784_digital-image.png?resize=264px:264px&amp;output-quality=80&amp;output-format=jpeg&amp;im=BackgroundColor,color=fffff 264w" sizes="(min-width: 580px) 152px, 88px"><img src="https://img.rewe-static.de/1033904/31264784_digital-image.png?resize=152px:152px&amp;output-quality=80&amp;output-format=jpeg&amp;im=BackgroundColor,color=fffff" alt="Cherry Rispentomate 350g" loading="lazy" width="152" height="152"></picture></div></div><div class="BadgesContainer_productBadges__mIOO1 search-service-productBadges"></div></div><div class="ProductDetailsWrapper_productDetails__7vI_z search-service-productDetails"><div class="ProductDetailsWrapper_partnerName__CqluS search-service-partnerName ProductDetailsWrapper_partnerNameEmpty__c5rTb search-service-partnerNameEmpty"></div><div class="ProductDetailsWrapper_productTitleWrapper__nJ1Fr search-service-productTitleWrapper"><h4 class="ProductDetailsWrapper_productTitle__XjgsA search-service-productTitle" id="13-4030847103981-d1d1e1d1-b919-4288-879f-a0361c836ff4-product-title"><div class="LinesEllipsis  ">Cherry Rispentomate 350g<wbr></div></h4></div><div class="ProductGrammage_productGrammage__fMOJr search-service-productGrammage"><div>350g (1 kg = 7,11 €)</div></div><div class="search-service-productDetailsFill ProductDetailsWrapper_productDetailsFill__TNboB"></div><div><div class="search-service-productPrice ProductPriceDisplay_productPrice__pqWxK">2,49 €</div></div></div></a></div><div class="search-service-basketButtons Product_basketButtons__SYAkC"><div class="search-service-ProductActions ProductActions_ProductActions__D_l5E"><meso-data data-listingid="13-4030847103981-d1d1e1d1-b919-4288-879f-a0361c836ff4" data-productid="1033904" data-orderlimit="99" data-amount="1" data-context="product-list-navigation"><div class="search-service-addToCartHandlerWrapper Add2CartHandler_addToCartHandlerWrapper__bvELT"><div class="bs_add2cart_container"><div class="lrms-favorite-button-container"><div class="lrms-addToFavMesoContainer"><div class="lrms-addToFavWrapper"><button class="lrms-addToFavHeartButton" data-cy="favorites-button_13-4030847103981-d1d1e1d1-b919-4288-879f-a0361c836ff4"><img src="https://shop.rewe-static.de/rewe-myproducts/static-images/tab-icon-heart_v2_1.svg" alt="Zu Favoriten hinzufügen"></button></div></div></div><script type="application/json" class="favoritebutton-propstore">{"additionalUiData":{"assetBaseUrl":"https://shop.rewe-static.de/rewe-myproducts/1460f8b0a79573560094733389e74ebb95f3137b","staticAssetBaseUrl":"https://shop.rewe-static.de/rewe-myproducts","favoritesBaseUrl":"/api/favorites","anonymousFavoritesBaseUrl":"/api/anonymousfavorites"},"testgroups":["MENGENRABATTIERUNG","HIDE_REGULAR_PRICE"],"togglz":[]}</script><div class="bs_amount-handler bs_add2cart bs_amount-zero without-animation" data-is-initialized="true"><button class="basket-button bs_amount-minus basket_ripple" disabled=""></button><input type="number" pattern="[0-9]*" value="0" class="basket-input bs_amount-input" autocomplete="off"><button class="basket-button bs_amount-plus basket_ripple" aria-label="Artikel zum Warenkorb hinzufügen"></button></div></div><script type="text/javascript">
                    if (!window.ReweBasket) {
                        window.ReweBasket = {}
                    }
                </script><script type="text/javascript">
                    (function () {
                      var event = 'basket:addToBasketbuttonV2Render';
                      var customEvent;
                      var data = {};
                      if (typeof CustomEvent === 'function') {
                          customEvent = new CustomEvent(event, {detail: data});
                      } else {
                          customEvent = document.createEvent('CustomEvent');
                          customEvent.initCustomEvent(event, false, false, data);
                      }
                      document.dispatchEvent(customEvent);
                    })();
                </script></div></meso-data></div></div></div><div class="search-service-product Product_product__maAwA" aria-labelledby="8-VIC7K38Y-d1d1e1d1-b919-4288-879f-a0361c836ff4-product-title"><div><input type="hidden" name="nan" value="1033906"><input type="hidden" name="listingId" value="8-VIC7K38Y-d1d1e1d1-b919-4288-879f-a0361c836ff4"></div><div class="search-service-productDetailsWrapper Product_productDetailsWrapper__bX_s8"><a class="search-service-productDetailsLink Product_productDetailsLink__hXXfb" href="/p/cherry-romatomaten-250g/1033906"><div class="search-service-pictureWrapper ProductMediaWrapper_pictureWrapper__ZHKoX"><div class="search-service-productPicture ProductMediaWrapper_productPicture__OXMYf"><div class="search-service-rsProductsMedia ProductMedia_rsProductsMedia__TgDb_"><picture><source srcset="https://img.rewe-static.de/1033906/23292477_digital-image.png?resize=152px:152px&amp;output-quality=80&amp;output-format=webp&amp;im=BackgroundColor,color=fffff 152w, https://img.rewe-static.de/1033906/23292477_digital-image.png?resize=304px:304px&amp;output-quality=80&amp;output-format=webp&amp;im=BackgroundColor,color=fffff 304w, https://img.rewe-static.de/1033906/23292477_digital-image.png?resize=456px:456px&amp;output-quality=80&amp;output-format=webp&amp;im=BackgroundColor,color=fffff 456w, https://img.rewe-static.de/1033906/23292477_digital-image.png?resize=88px:88px&amp;output-quality=80&amp;output-format=webp&amp;im=BackgroundColor,color=fffff 88w, https://img.rewe-static.de/1033906/23292477_digital-image.png?resize=176px:176px&amp;output-quality=80&amp;output-format=webp&amp;im=BackgroundColor,color=fffff 176w, https://img.rewe-static.de/1033906/23292477_digital-image.png?resize=264px:264px&amp;output-quality=80&amp;output-format=webp&amp;im=BackgroundColor,color=fffff 264w" sizes="(min-width: 580px) 152px, 88px" type="image/webp"><source srcset="https://img.rewe-static.de/1033906/23292477_digital-image.png?resize=152px:152px&amp;output-quality=80&amp;output-format=jpeg2000&amp;im=BackgroundColor,color=fffff 152w, https://img.rewe-static.de/1033906/23292477_digital-image.png?resize=304px:304px&amp;output-quality=80&amp;output-format=jpeg2000&amp;im=BackgroundColor,color=fffff 304w, https://img.rewe-static.de/1033906/23292477_digital-image.png?resize=456px:456px&amp;output-quality=80&amp;output-format=jpeg2000&amp;im=BackgroundColor,color=fffff 456w, https://img.rewe-static.de/1033906/23292477_digital-image.png?resize=88px:88px&amp;output-quality=80&amp;output-format=jpeg2000&amp;im=BackgroundColor,color=fffff 88w, https://img.rewe-static.de/1033906/23292477_digital-image.png?resize=176px:176px&amp;output-quality=80&amp;output-format=jpeg2000&amp;im=BackgroundColor,color=fffff 176w, https://img.rewe-static.de/1033906/23292477_digital-image.png?resize=264px:264px&amp;output-quality=80&amp;output-format=jpeg2000&amp;im=BackgroundColor,color=fffff 264w" sizes="(min-width: 580px) 152px, 88px" type="image/jp2"><source srcset="https://img.rewe-static.de/1033906/23292477_digital-image.png?resize=152px:152px&amp;output-quality=80&amp;output-format=jpeg&amp;im=BackgroundColor,color=fffff 152w, https://img.rewe-static.de/1033906/23292477_digital-image.png?resize=304px:304px&amp;output-quality=80&amp;output-format=jpeg&amp;im=BackgroundColor,color=fffff 304w, https://img.rewe-static.de/1033906/23292477_digital-image.png?resize=456px:456px&amp;output-quality=80&amp;output-format=jpeg&amp;im=BackgroundColor,color=fffff 456w, https://img.rewe-static.de/1033906/23292477_digital-image.png?resize=88px:88px&amp;output-quality=80&amp;output-format=jpeg&amp;im=BackgroundColor,color=fffff 88w, https://img.rewe-static.de/1033906/23292477_digital-image.png?resize=176px:176px&amp;output-quality=80&amp;output-format=jpeg&amp;im=BackgroundColor,color=fffff 176w, https://img.rewe-static.de/1033906/23292477_digital-image.png?resize=264px:264px&amp;output-quality=80&amp;output-format=jpeg&amp;im=BackgroundColor,color=fffff 264w" sizes="(min-width: 580px) 152px, 88px"><img src="https://img.rewe-static.de/1033906/23292477_digital-image.png?resize=152px:152px&amp;output-quality=80&amp;output-format=jpeg&amp;im=BackgroundColor,color=fffff" alt="Cherry Romatomaten 250g" loading="lazy" width="152" height="152"></picture></div></div><div class="BadgesContainer_productBadges__mIOO1 search-service-productBadges"></div></div><div class="ProductDetailsWrapper_productDetails__7vI_z search-service-productDetails"><div class="ProductDetailsWrapper_partnerName__CqluS search-service-partnerName ProductDetailsWrapper_partnerNameEmpty__c5rTb search-service-partnerNameEmpty"></div><div class="ProductDetailsWrapper_productTitleWrapper__nJ1Fr search-service-productTitleWrapper"><h4 class="ProductDetailsWrapper_productTitle__XjgsA search-service-productTitle" id="8-VIC7K38Y-d1d1e1d1-b919-4288-879f-a0361c836ff4-product-title"><div class="LinesEllipsis  ">Cherry Romatomaten 250g<wbr></div></h4></div><div class="ProductGrammage_productGrammage__fMOJr search-service-productGrammage"><div>250g (1 kg = 3,96 €)</div></div><div class="search-service-productDetailsFill ProductDetailsWrapper_productDetailsFill__TNboB"></div><div><div class="search-service-productPrice ProductPriceDisplay_productPrice__pqWxK">0,99 €</div></div></div></a></div><div class="search-service-basketButtons Product_basketButtons__SYAkC"><div class="search-service-ProductActions ProductActions_ProductActions__D_l5E"><meso-data data-listingid="8-VIC7K38Y-d1d1e1d1-b919-4288-879f-a0361c836ff4" data-productid="1033906" data-orderlimit="99" data-amount="1" data-context="product-list-navigation"><div class="search-service-addToCartHandlerWrapper Add2CartHandler_addToCartHandlerWrapper__bvELT"><div class="bs_add2cart_container"><div class="lrms-favorite-button-container"><div class="lrms-addToFavMesoContainer"><div class="lrms-addToFavWrapper"><button class="lrms-addToFavHeartButton" data-cy="favorites-button_8-VIC7K38Y-d1d1e1d1-b919-4288-879f-a0361c836ff4"><img src="https://shop.rewe-static.de/rewe-myproducts/static-images/tab-icon-heart_v2_1.svg" alt="Zu Favoriten hinzufügen"></button></div></div></div><script type="application/json" class="favoritebutton-propstore">{"additionalUiData":{"assetBaseUrl":"https://shop.rewe-static.de/rewe-myproducts/1460f8b0a79573560094733389e74ebb95f3137b","staticAssetBaseUrl":"https://shop.rewe-static.de/rewe-myproducts","favoritesBaseUrl":"/api/favorites","anonymousFavoritesBaseUrl":"/api/anonymousfavorites"},"testgroups":["MENGENRABATTIERUNG","HIDE_REGULAR_PRICE"],"togglz":[]}</script><div class="bs_amount-handler bs_add2cart bs_amount-zero without-animation" data-is-initialized="true"><button class="basket-button bs_amount-minus basket_ripple" disabled=""></button><input type="number" pattern="[0-9]*" value="0" class="basket-input bs_amount-input" autocomplete="off"><button class="basket-button bs_amount-plus basket_ripple" aria-label="Artikel zum Warenkorb hinzufügen"></button></div></div><script type="text/javascript">
                    if (!window.ReweBasket) {
                        window.ReweBasket = {}
                    }
                </script><script type="text/javascript">
                    (function () {
                      var event = 'basket:addToBasketbuttonV2Render';
                      var customEvent;
                      var data = {};
                      if (typeof CustomEvent === 'function') {
                          customEvent = new CustomEvent(event, {detail: data});
                      } else {
                          customEvent = document.createEvent('CustomEvent');
                          customEvent.initCustomEvent(event, false, false, data);
                      }
                      document.dispatchEvent(customEvent);
                    })();
                </script></div></meso-data></div></div></div><div class="search-service-product Product_product__maAwA" aria-labelledby="13-4003721021237-d1d1e1d1-b919-4288-879f-a0361c836ff4-product-title"><div><input type="hidden" name="nan" value="482595"><input type="hidden" name="listingId" value="13-4003721021237-d1d1e1d1-b919-4288-879f-a0361c836ff4"></div><div class="search-service-productDetailsWrapper Product_productDetailsWrapper__bX_s8"><a class="search-service-productDetailsLink Product_productDetailsLink__hXXfb" href="/p/eisbergsalat-1-stueck/482595"><div class="search-service-pictureWrapper ProductMediaWrapper_pictureWrapper__ZHKoX"><div class="search-service-productPicture ProductMediaWrapper_productPicture__OXMYf"><div class="search-service-rsProductsMedia ProductMedia_rsProductsMedia__TgDb_"><picture><source srcset="https://img.rewe-static.de/0482595/24570316_digital-image.png?resize=152px:152px&amp;output-quality=80&amp;output-format=webp&amp;im=BackgroundColor,color=fffff 152w, https://img.rewe-static.de/0482595/24570316_digital-image.png?resize=304px:304px&amp;output-quality=80&amp;output-format=webp&amp;im=BackgroundColor,color=fffff 304w, https://img.rewe-static.de/0482595/24570316_digital-image.png?resize=456px:456px&amp;output-quality=80&amp;output-format=webp&amp;im=BackgroundColor,color=fffff 456w, https://img.rewe-static.de/0482595/24570316_digital-image.png?resize=88px:88px&amp;output-quality=80&amp;output-format=webp&amp;im=BackgroundColor,color=fffff 88w, https://img.rewe-static.de/0482595/24570316_digital-image.png?resize=176px:176px&amp;output-quality=80&amp;output-format=webp&amp;im=BackgroundColor,color=fffff 176w, https://img.rewe-static.de/0482595/24570316_digital-image.png?resize=264px:264px&amp;output-quality=80&amp;output-format=webp&amp;im=BackgroundColor,color=fffff 264w" sizes="(min-width: 580px) 152px, 88px" type="image/webp"><source srcset="https://img.rewe-static.de/0482595/24570316_digital-image.png?resize=152px:152px&amp;output-quality=80&amp;output-format=jpeg2000&amp;im=BackgroundColor,color=fffff 152w, https://img.rewe-static.de/0482595/24570316_digital-image.png?resize=304px:304px&amp;output-quality=80&amp;output-format=jpeg2000&amp;im=BackgroundColor,color=fffff 304w, https://img.rewe-static.de/0482595/24570316_digital-image.png?resize=456px:456px&amp;output-quality=80&amp;output-format=jpeg2000&amp;im=BackgroundColor,color=fffff 456w, https://img.rewe-static.de/0482595/24570316_digital-image.png?resize=88px:88px&amp;output-quality=80&amp;output-format=jpeg2000&amp;im=BackgroundColor,color=fffff 88w, https://img.rewe-static.de/0482595/24570316_digital-image.png?resize=176px:176px&amp;output-quality=80&amp;output-format=jpeg2000&amp;im=BackgroundColor,color=fffff 176w, https://img.rewe-static.de/0482595/24570316_digital-image.png?resize=264px:264px&amp;output-quality=80&amp;output-format=jpeg2000&amp;im=BackgroundColor,color=fffff 264w" sizes="(min-width: 580px) 152px, 88px" type="image/jp2"><source srcset="https://img.rewe-static.de/0482595/24570316_digital-image.png?resize=152px:152px&amp;output-quality=80&amp;output-format=jpeg&amp;im=BackgroundColor,color=fffff 152w, https://img.rewe-static.de/0482595/24570316_digital-image.png?resize=304px:304px&amp;output-quality=80&amp;output-format=jpeg&amp;im=BackgroundColor,color=fffff 304w, https://img.rewe-static.de/0482595/24570316_digital-image.png?resize=456px:456px&amp;output-quality=80&amp;output-format=jpeg&amp;im=BackgroundColor,color=fffff 456w, https://img.rewe-static.de/0482595/24570316_digital-image.png?resize=88px:88px&amp;output-quality=80&amp;output-format=jpeg&amp;im=BackgroundColor,color=fffff 88w, https://img.rewe-static.de/0482595/24570316_digital-image.png?resize=176px:176px&amp;output-quality=80&amp;output-format=jpeg&amp;im=BackgroundColor,color=fffff 176w, https://img.rewe-static.de/0482595/24570316_digital-image.png?resize=264px:264px&amp;output-quality=80&amp;output-format=jpeg&amp;im=BackgroundColor,color=fffff 264w" sizes="(min-width: 580px) 152px, 88px"><img src="https://img.rewe-static.de/0482595/24570316_digital-image.png?resize=152px:152px&amp;output-quality=80&amp;output-format=jpeg&amp;im=BackgroundColor,color=fffff" alt="Eisbergsalat 1 Stück" loading="lazy" width="152" height="152"></picture></div></div><div class="BadgesContainer_productBadges__mIOO1 search-service-productBadges"></div></div><div class="ProductDetailsWrapper_productDetails__7vI_z search-service-productDetails"><div class="ProductDetailsWrapper_partnerName__CqluS search-service-partnerName ProductDetailsWrapper_partnerNameEmpty__c5rTb search-service-partnerNameEmpty"></div><div class="ProductDetailsWrapper_productTitleWrapper__nJ1Fr search-service-productTitleWrapper"><h4 class="ProductDetailsWrapper_productTitle__XjgsA search-service-productTitle" id="13-4003721021237-d1d1e1d1-b919-4288-879f-a0361c836ff4-product-title"><div class="LinesEllipsis  ">Eisbergsalat 1 Stück<wbr></div></h4></div><div class="ProductGrammage_productGrammage__fMOJr search-service-productGrammage"><div>1 Stück</div></div><div class="search-service-productDetailsFill ProductDetailsWrapper_productDetailsFill__TNboB"></div><div><div class="search-service-productPrice ProductPriceDisplay_productPrice__pqWxK">0,88 €</div></div></div></a></div><div class="search-service-basketButtons Product_basketButtons__SYAkC"><div class="search-service-ProductActions ProductActions_ProductActions__D_l5E"><meso-data data-listingid="13-4003721021237-d1d1e1d1-b919-4288-879f-a0361c836ff4" data-productid="482595" data-orderlimit="99" data-amount="1" data-context="product-list-navigation"><div class="search-service-addToCartHandlerWrapper Add2CartHandler_addToCartHandlerWrapper__bvELT"><div class="bs_add2cart_container"><div class="lrms-favorite-button-container"><div class="lrms-addToFavMesoContainer"><div class="lrms-addToFavWrapper"><button class="lrms-addToFavHeartButton" data-cy="favorites-button_13-4003721021237-d1d1e1d1-b919-4288-879f-a0361c836ff4"><img src="https://shop.rewe-static.de/rewe-myproducts/static-images/tab-icon-heart_v2_1.svg" alt="Zu Favoriten hinzufügen"></button></div></div></div><script type="application/json" class="favoritebutton-propstore">{"additionalUiData":{"assetBaseUrl":"https://shop.rewe-static.de/rewe-myproducts/1460f8b0a79573560094733389e74ebb95f3137b","staticAssetBaseUrl":"https://shop.rewe-static.de/rewe-myproducts","favoritesBaseUrl":"/api/favorites","anonymousFavoritesBaseUrl":"/api/anonymousfavorites"},"testgroups":["MENGENRABATTIERUNG","HIDE_REGULAR_PRICE"],"togglz":[]}</script><div class="bs_amount-handler bs_add2cart bs_amount-zero without-animation" data-is-initialized="true"><button class="basket-button bs_amount-minus basket_ripple" disabled=""></button><input type="number" pattern="[0-9]*" value="0" class="basket-input bs_amount-input" autocomplete="off"><button class="basket-button bs_amount-plus basket_ripple" aria-label="Artikel zum Warenkorb hinzufügen"></button></div></div><script type="text/javascript">
                    if (!window.ReweBasket) {
                        window.ReweBasket = {}
                    }
                </script><script type="text/javascript">
                    (function () {
                      var event = 'basket:addToBasketbuttonV2Render';
                      var customEvent;
                      var data = {};
                      if (typeof CustomEvent === 'function') {
                          customEvent = new CustomEvent(event, {detail: data});
                      } else {
                          customEvent = document.createEvent('CustomEvent');
                          customEvent.initCustomEvent(event, false, false, data);
                      }
                      document.dispatchEvent(customEvent);
                    })();
                </script></div></meso-data></div></div></div><div class="search-service-product Product_product__maAwA" aria-labelledby="8-23399563-d1d1e1d1-b919-4288-879f-a0361c836ff4-product-title"><div><input type="hidden" name="nan" value="3399567"><input type="hidden" name="listingId" value="8-23399563-d1d1e1d1-b919-4288-879f-a0361c836ff4"></div><div class="search-service-productDetailsWrapper Product_productDetailsWrapper__bX_s8"><a class="search-service-productDetailsLink Product_productDetailsLink__hXXfb" href="/p/hokkaido-kuerbis-ca-1400g/3399567"><div class="search-service-pictureWrapper ProductMediaWrapper_pictureWrapper__ZHKoX"><div class="search-service-productPicture ProductMediaWrapper_productPicture__OXMYf"><div class="search-service-rsProductsMedia ProductMedia_rsProductsMedia__TgDb_"><picture><source srcset="https://img.rewe-static.de/3399567/27287789_digital-image.png?resize=152px:152px&amp;output-quality=80&amp;output-format=webp&amp;im=BackgroundColor,color=fffff 152w, https://img.rewe-static.de/3399567/27287789_digital-image.png?resize=304px:304px&amp;output-quality=80&amp;output-format=webp&amp;im=BackgroundColor,color=fffff 304w, https://img.rewe-static.de/3399567/27287789_digital-image.png?resize=456px:456px&amp;output-quality=80&amp;output-format=webp&amp;im=BackgroundColor,color=fffff 456w, https://img.rewe-static.de/3399567/27287789_digital-image.png?resize=88px:88px&amp;output-quality=80&amp;output-format=webp&amp;im=BackgroundColor,color=fffff 88w, https://img.rewe-static.de/3399567/27287789_digital-image.png?resize=176px:176px&amp;output-quality=80&amp;output-format=webp&amp;im=BackgroundColor,color=fffff 176w, https://img.rewe-static.de/3399567/27287789_digital-image.png?resize=264px:264px&amp;output-quality=80&amp;output-format=webp&amp;im=BackgroundColor,color=fffff 264w" sizes="(min-width: 580px) 152px, 88px" type="image/webp"><source srcset="https://img.rewe-static.de/3399567/27287789_digital-image.png?resize=152px:152px&amp;output-quality=80&amp;output-format=jpeg2000&amp;im=BackgroundColor,color=fffff 152w, https://img.rewe-static.de/3399567/27287789_digital-image.png?resize=304px:304px&amp;output-quality=80&amp;output-format=jpeg2000&amp;im=BackgroundColor,color=fffff 304w, https://img.rewe-static.de/3399567/27287789_digital-image.png?resize=456px:456px&amp;output-quality=80&amp;output-format=jpeg2000&amp;im=BackgroundColor,color=fffff 456w, https://img.rewe-static.de/3399567/27287789_digital-image.png?resize=88px:88px&amp;output-quality=80&amp;output-format=jpeg2000&amp;im=BackgroundColor,color=fffff 88w, https://img.rewe-static.de/3399567/27287789_digital-image.png?resize=176px:176px&amp;output-quality=80&amp;output-format=jpeg2000&amp;im=BackgroundColor,color=fffff 176w, https://img.rewe-static.de/3399567/27287789_digital-image.png?resize=264px:264px&amp;output-quality=80&amp;output-format=jpeg2000&amp;im=BackgroundColor,color=fffff 264w" sizes="(min-width: 580px) 152px, 88px" type="image/jp2"><source srcset="https://img.rewe-static.de/3399567/27287789_digital-image.png?resize=152px:152px&amp;output-quality=80&amp;output-format=jpeg&amp;im=BackgroundColor,color=fffff 152w, https://img.rewe-static.de/3399567/27287789_digital-image.png?resize=304px:304px&amp;output-quality=80&amp;output-format=jpeg&amp;im=BackgroundColor,color=fffff 304w, https://img.rewe-static.de/3399567/27287789_digital-image.png?resize=456px:456px&amp;output-quality=80&amp;output-format=jpeg&amp;im=BackgroundColor,color=fffff 456w, https://img.rewe-static.de/3399567/27287789_digital-image.png?resize=88px:88px&amp;output-quality=80&amp;output-format=jpeg&amp;im=BackgroundColor,color=fffff 88w, https://img.rewe-static.de/3399567/27287789_digital-image.png?resize=176px:176px&amp;output-quality=80&amp;output-format=jpeg&amp;im=BackgroundColor,color=fffff 176w, https://img.rewe-static.de/3399567/27287789_digital-image.png?resize=264px:264px&amp;output-quality=80&amp;output-format=jpeg&amp;im=BackgroundColor,color=fffff 264w" sizes="(min-width: 580px) 152px, 88px"><img src="https://img.rewe-static.de/3399567/27287789_digital-image.png?resize=152px:152px&amp;output-quality=80&amp;output-format=jpeg&amp;im=BackgroundColor,color=fffff" alt="Hokkaido-Kürbis ca. 1400g" loading="lazy" width="152" height="152"></picture></div></div><div class="BadgesContainer_productBadges__mIOO1 search-service-productBadges"></div></div><div class="ProductDetailsWrapper_productDetails__7vI_z search-service-productDetails"><div class="ProductDetailsWrapper_partnerName__CqluS search-service-partnerName ProductDetailsWrapper_partnerNameEmpty__c5rTb search-service-partnerNameEmpty"></div><div class="ProductDetailsWrapper_productTitleWrapper__nJ1Fr search-service-productTitleWrapper"><h4 class="ProductDetailsWrapper_productTitle__XjgsA search-service-productTitle" id="8-23399563-d1d1e1d1-b919-4288-879f-a0361c836ff4-product-title"><div class="LinesEllipsis  ">Hokkaido-Kürbis ca. 1400g<wbr></div></h4></div><div class="ProductGrammage_productGrammage__fMOJr search-service-productGrammage"><div>1 Stück ca. 1400 g (1 kg = 1,69 €)</div></div><div class="search-service-productDetailsFill ProductDetailsWrapper_productDetailsFill__TNboB"></div><div><div class="search-service-productPrice ProductPriceDisplay_productPrice__pqWxK">2,37 €</div></div></div></a></div><div class="search-service-basketButtons Product_basketButtons__SYAkC"><div class="search-service-ProductActions ProductActions_ProductActions__D_l5E"><meso-data data-listingid="8-23399563-d1d1e1d1-b919-4288-879f-a0361c836ff4" data-productid="3399567" data-orderlimit="99" data-amount="1" data-context="product-list-navigation"><div class="search-service-addToCartHandlerWrapper Add2CartHandler_addToCartHandlerWrapper__bvELT"><div class="bs_add2cart_container"><div class="lrms-favorite-button-container"><div class="lrms-addToFavMesoContainer"><div class="lrms-addToFavWrapper"><button class="lrms-addToFavHeartButton" data-cy="favorites-button_8-23399563-d1d1e1d1-b919-4288-879f-a0361c836ff4"><img src="https://shop.rewe-static.de/rewe-myproducts/static-images/tab-icon-heart_v2_1.svg" alt="Zu Favoriten hinzufügen"></button></div></div></div><script type="application/json" class="favoritebutton-propstore">{"additionalUiData":{"assetBaseUrl":"https://shop.rewe-static.de/rewe-myproducts/1460f8b0a79573560094733389e74ebb95f3137b","staticAssetBaseUrl":"https://shop.rewe-static.de/rewe-myproducts","favoritesBaseUrl":"/api/favorites","anonymousFavoritesBaseUrl":"/api/anonymousfavorites"},"testgroups":["MENGENRABATTIERUNG","HIDE_REGULAR_PRICE"],"togglz":[]}</script><div class="bs_amount-handler bs_add2cart bs_amount-zero without-animation" data-is-initialized="true"><button class="basket-button bs_amount-minus basket_ripple" disabled=""></button><input type="number" pattern="[0-9]*" value="0" class="basket-input bs_amount-input" autocomplete="off"><button class="basket-button bs_amount-plus basket_ripple" aria-label="Artikel zum Warenkorb hinzufügen"></button></div></div><script type="text/javascript">
                    if (!window.ReweBasket) {
                        window.ReweBasket = {}
                    }
                </script><script type="text/javascript">
                    (function () {
                      var event = 'basket:addToBasketbuttonV2Render';
                      var customEvent;
                      var data = {};
                      if (typeof CustomEvent === 'function') {
                          customEvent = new CustomEvent(event, {detail: data});
                      } else {
                          customEvent = document.createEvent('CustomEvent');
                          customEvent.initCustomEvent(event, false, false, data);
                      }
                      document.dispatchEvent(customEvent);
                    })();
                </script></div></meso-data></div></div></div><div class="search-service-product Product_product__maAwA" aria-labelledby="8-22865830-d1d1e1d1-b919-4288-879f-a0361c836ff4-product-title"><div><input type="hidden" name="nan" value="1218820"><input type="hidden" name="listingId" value="8-22865830-d1d1e1d1-b919-4288-879f-a0361c836ff4"></div><div class="search-service-productDetailsWrapper Product_productDetailsWrapper__bX_s8"><a class="search-service-productDetailsLink Product_productDetailsLink__hXXfb" href="/p/ingwer-ca-100g/1218820"><div class="search-service-pictureWrapper ProductMediaWrapper_pictureWrapper__ZHKoX"><div class="search-service-productPicture ProductMediaWrapper_productPicture__OXMYf"><div class="search-service-rsProductsMedia ProductMedia_rsProductsMedia__TgDb_"><picture><source srcset="https://img.rewe-static.de/1218820/24569461_digital-image.png?resize=152px:152px&amp;output-quality=80&amp;output-format=webp&amp;im=BackgroundColor,color=fffff 152w, https://img.rewe-static.de/1218820/24569461_digital-image.png?resize=304px:304px&amp;output-quality=80&amp;output-format=webp&amp;im=BackgroundColor,color=fffff 304w, https://img.rewe-static.de/1218820/24569461_digital-image.png?resize=456px:456px&amp;output-quality=80&amp;output-format=webp&amp;im=BackgroundColor,color=fffff 456w, https://img.rewe-static.de/1218820/24569461_digital-image.png?resize=88px:88px&amp;output-quality=80&amp;output-format=webp&amp;im=BackgroundColor,color=fffff 88w, https://img.rewe-static.de/1218820/24569461_digital-image.png?resize=176px:176px&amp;output-quality=80&amp;output-format=webp&amp;im=BackgroundColor,color=fffff 176w, https://img.rewe-static.de/1218820/24569461_digital-image.png?resize=264px:264px&amp;output-quality=80&amp;output-format=webp&amp;im=BackgroundColor,color=fffff 264w" sizes="(min-width: 580px) 152px, 88px" type="image/webp"><source srcset="https://img.rewe-static.de/1218820/24569461_digital-image.png?resize=152px:152px&amp;output-quality=80&amp;output-format=jpeg2000&amp;im=BackgroundColor,color=fffff 152w, https://img.rewe-static.de/1218820/24569461_digital-image.png?resize=304px:304px&amp;output-quality=80&amp;output-format=jpeg2000&amp;im=BackgroundColor,color=fffff 304w, https://img.rewe-static.de/1218820/24569461_digital-image.png?resize=456px:456px&amp;output-quality=80&amp;output-format=jpeg2000&amp;im=BackgroundColor,color=fffff 456w, https://img.rewe-static.de/1218820/24569461_digital-image.png?resize=88px:88px&amp;output-quality=80&amp;output-format=jpeg2000&amp;im=BackgroundColor,color=fffff 88w, https://img.rewe-static.de/1218820/24569461_digital-image.png?resize=176px:176px&amp;output-quality=80&amp;output-format=jpeg2000&amp;im=BackgroundColor,color=fffff 176w, https://img.rewe-static.de/1218820/24569461_digital-image.png?resize=264px:264px&amp;output-quality=80&amp;output-format=jpeg2000&amp;im=BackgroundColor,color=fffff 264w" sizes="(min-width: 580px) 152px, 88px" type="image/jp2"><source srcset="https://img.rewe-static.de/1218820/24569461_digital-image.png?resize=152px:152px&amp;output-quality=80&amp;output-format=jpeg&amp;im=BackgroundColor,color=fffff 152w, https://img.rewe-static.de/1218820/24569461_digital-image.png?resize=304px:304px&amp;output-quality=80&amp;output-format=jpeg&amp;im=BackgroundColor,color=fffff 304w, https://img.rewe-static.de/1218820/24569461_digital-image.png?resize=456px:456px&amp;output-quality=80&amp;output-format=jpeg&amp;im=BackgroundColor,color=fffff 456w, https://img.rewe-static.de/1218820/24569461_digital-image.png?resize=88px:88px&amp;output-quality=80&amp;output-format=jpeg&amp;im=BackgroundColor,color=fffff 88w, https://img.rewe-static.de/1218820/24569461_digital-image.png?resize=176px:176px&amp;output-quality=80&amp;output-format=jpeg&amp;im=BackgroundColor,color=fffff 176w, https://img.rewe-static.de/1218820/24569461_digital-image.png?resize=264px:264px&amp;output-quality=80&amp;output-format=jpeg&amp;im=BackgroundColor,color=fffff 264w" sizes="(min-width: 580px) 152px, 88px"><img src="https://img.rewe-static.de/1218820/24569461_digital-image.png?resize=152px:152px&amp;output-quality=80&amp;output-format=jpeg&amp;im=BackgroundColor,color=fffff" alt="Ingwer ca. 100g" loading="lazy" width="152" height="152"></picture></div></div><div class="BadgesContainer_productBadges__mIOO1 search-service-productBadges"><div class="badge_style_organicBadge__kj91r badge_style_badgeItem__vUyhV search-service-organicBadge search-service-badgeItem"></div></div></div><div class="ProductDetailsWrapper_productDetails__7vI_z search-service-productDetails"><div class="ProductDetailsWrapper_partnerName__CqluS search-service-partnerName ProductDetailsWrapper_partnerNameEmpty__c5rTb search-service-partnerNameEmpty"></div><div class="ProductDetailsWrapper_productTitleWrapper__nJ1Fr search-service-productTitleWrapper"><h4 class="ProductDetailsWrapper_productTitle__XjgsA search-service-productTitle" id="8-22865830-d1d1e1d1-b919-4288-879f-a0361c836ff4-product-title"><div class="LinesEllipsis  ">Ingwer ca. 100g<wbr></div></h4></div><div class="ProductGrammage_productGrammage__fMOJr search-service-productGrammage"><div>1 Stück ca. 100 g (1 kg = 6,90 €)</div></div><div class="search-service-productDetailsFill ProductDetailsWrapper_productDetailsFill__TNboB"></div><div><div class="search-service-productPrice ProductPriceDisplay_productPrice__pqWxK">0,69 €</div></div></div></a></div><div class="search-service-basketButtons Product_basketButtons__SYAkC"><div class="search-service-ProductActions ProductActions_ProductActions__D_l5E"><meso-data data-listingid="8-22865830-d1d1e1d1-b919-4288-879f-a0361c836ff4" data-productid="1218820" data-orderlimit="99" data-amount="1" data-context="product-list-navigation"><div class="search-service-addToCartHandlerWrapper Add2CartHandler_addToCartHandlerWrapper__bvELT"><div class="bs_add2cart_container"><div class="lrms-favorite-button-container"><div class="lrms-addToFavMesoContainer"><div class="lrms-addToFavWrapper"><button class="lrms-addToFavHeartButton" data-cy="favorites-button_8-22865830-d1d1e1d1-b919-4288-879f-a0361c836ff4"><img src="https://shop.rewe-static.de/rewe-myproducts/static-images/tab-icon-heart_v2_1.svg" alt="Zu Favoriten hinzufügen"></button></div></div></div><script type="application/json" class="favoritebutton-propstore">{"additionalUiData":{"assetBaseUrl":"https://shop.rewe-static.de/rewe-myproducts/1460f8b0a79573560094733389e74ebb95f3137b","staticAssetBaseUrl":"https://shop.rewe-static.de/rewe-myproducts","favoritesBaseUrl":"/api/favorites","anonymousFavoritesBaseUrl":"/api/anonymousfavorites"},"testgroups":["MENGENRABATTIERUNG","HIDE_REGULAR_PRICE"],"togglz":[]}</script><div class="bs_amount-handler bs_add2cart bs_amount-zero without-animation" data-is-initialized="true"><button class="basket-button bs_amount-minus basket_ripple" disabled=""></button><input type="number" pattern="[0-9]*" value="0" class="basket-input bs_amount-input" autocomplete="off"><button class="basket-button bs_amount-plus basket_ripple" aria-label="Artikel zum Warenkorb hinzufügen"></button></div></div><script type="text/javascript">
                    if (!window.ReweBasket) {
                        window.ReweBasket = {}
                    }
                </script><script type="text/javascript">
                    (function () {
                      var event = 'basket:addToBasketbuttonV2Render';
                      var customEvent;
                      var data = {};
                      if (typeof CustomEvent === 'function') {
                          customEvent = new CustomEvent(event, {detail: data});
                      } else {
                          customEvent = document.createEvent('CustomEvent');
                          customEvent.initCustomEvent(event, false, false, data);
                      }
                      document.dispatchEvent(customEvent);
                    })();
                </script></div></meso-data></div></div></div><div class="search-service-product Product_product__maAwA" aria-labelledby="8-AK8L9LE8-d1d1e1d1-b919-4288-879f-a0361c836ff4-product-title"><div><input type="hidden" name="nan" value="1045111"><input type="hidden" name="listingId" value="8-AK8L9LE8-d1d1e1d1-b919-4288-879f-a0361c836ff4"></div><div class="search-service-productDetailsWrapper Product_productDetailsWrapper__bX_s8"><a class="search-service-productDetailsLink Product_productDetailsLink__hXXfb" href="/p/karotten-1kg/1045111"><div class="search-service-pictureWrapper ProductMediaWrapper_pictureWrapper__ZHKoX"><div class="search-service-productPicture ProductMediaWrapper_productPicture__OXMYf"><div class="search-service-rsProductsMedia ProductMedia_rsProductsMedia__TgDb_"><picture><source srcset="https://img.rewe-static.de/1045111/21288882_digital-image.png?resize=152px:152px&amp;output-quality=80&amp;output-format=webp&amp;im=BackgroundColor,color=fffff 152w, https://img.rewe-static.de/1045111/21288882_digital-image.png?resize=304px:304px&amp;output-quality=80&amp;output-format=webp&amp;im=BackgroundColor,color=fffff 304w, https://img.rewe-static.de/1045111/21288882_digital-image.png?resize=456px:456px&amp;output-quality=80&amp;output-format=webp&amp;im=BackgroundColor,color=fffff 456w, https://img.rewe-static.de/1045111/21288882_digital-image.png?resize=88px:88px&amp;output-quality=80&amp;output-format=webp&amp;im=BackgroundColor,color=fffff 88w, https://img.rewe-static.de/1045111/21288882_digital-image.png?resize=176px:176px&amp;output-quality=80&amp;output-format=webp&amp;im=BackgroundColor,color=fffff 176w, https://img.rewe-static.de/1045111/21288882_digital-image.png?resize=264px:264px&amp;output-quality=80&amp;output-format=webp&amp;im=BackgroundColor,color=fffff 264w" sizes="(min-width: 580px) 152px, 88px" type="image/webp"><source srcset="https://img.rewe-static.de/1045111/21288882_digital-image.png?resize=152px:152px&amp;output-quality=80&amp;output-format=jpeg2000&amp;im=BackgroundColor,color=fffff 152w, https://img.rewe-static.de/1045111/21288882_digital-image.png?resize=304px:304px&amp;output-quality=80&amp;output-format=jpeg2000&amp;im=BackgroundColor,color=fffff 304w, https://img.rewe-static.de/1045111/21288882_digital-image.png?resize=456px:456px&amp;output-quality=80&amp;output-format=jpeg2000&amp;im=BackgroundColor,color=fffff 456w, https://img.rewe-static.de/1045111/21288882_digital-image.png?resize=88px:88px&amp;output-quality=80&amp;output-format=jpeg2000&amp;im=BackgroundColor,color=fffff 88w, https://img.rewe-static.de/1045111/21288882_digital-image.png?resize=176px:176px&amp;output-quality=80&amp;output-format=jpeg2000&amp;im=BackgroundColor,color=fffff 176w, https://img.rewe-static.de/1045111/21288882_digital-image.png?resize=264px:264px&amp;output-quality=80&amp;output-format=jpeg2000&amp;im=BackgroundColor,color=fffff 264w" sizes="(min-width: 580px) 152px, 88px" type="image/jp2"><source srcset="https://img.rewe-static.de/1045111/21288882_digital-image.png?resize=152px:152px&amp;output-quality=80&amp;output-format=jpeg&amp;im=BackgroundColor,color=fffff 152w, https://img.rewe-static.de/1045111/21288882_digital-image.png?resize=304px:304px&amp;output-quality=80&amp;output-format=jpeg&amp;im=BackgroundColor,color=fffff 304w, https://img.rewe-static.de/1045111/21288882_digital-image.png?resize=456px:456px&amp;output-quality=80&amp;output-format=jpeg&amp;im=BackgroundColor,color=fffff 456w, https://img.rewe-static.de/1045111/21288882_digital-image.png?resize=88px:88px&amp;output-quality=80&amp;output-format=jpeg&amp;im=BackgroundColor,color=fffff 88w, https://img.rewe-static.de/1045111/21288882_digital-image.png?resize=176px:176px&amp;output-quality=80&amp;output-format=jpeg&amp;im=BackgroundColor,color=fffff 176w, https://img.rewe-static.de/1045111/21288882_digital-image.png?resize=264px:264px&amp;output-quality=80&amp;output-format=jpeg&amp;im=BackgroundColor,color=fffff 264w" sizes="(min-width: 580px) 152px, 88px"><img src="https://img.rewe-static.de/1045111/21288882_digital-image.png?resize=152px:152px&amp;output-quality=80&amp;output-format=jpeg&amp;im=BackgroundColor,color=fffff" alt="Karotten 1kg" loading="lazy" width="152" height="152"></picture></div></div><div class="BadgesContainer_productBadges__mIOO1 search-service-productBadges"></div></div><div class="ProductDetailsWrapper_productDetails__7vI_z search-service-productDetails"><div class="ProductDetailsWrapper_partnerName__CqluS search-service-partnerName ProductDetailsWrapper_partnerNameEmpty__c5rTb search-service-partnerNameEmpty"></div><div class="ProductDetailsWrapper_productTitleWrapper__nJ1Fr search-service-productTitleWrapper"><h4 class="ProductDetailsWrapper_productTitle__XjgsA search-service-productTitle" id="8-AK8L9LE8-d1d1e1d1-b919-4288-879f-a0361c836ff4-product-title"><div class="LinesEllipsis  ">Karotten 1kg<wbr></div></h4></div><div class="ProductGrammage_productGrammage__fMOJr search-service-productGrammage"><div>1kg</div></div><div class="search-service-productDetailsFill ProductDetailsWrapper_productDetailsFill__TNboB"></div><div><div class="search-service-productPrice ProductPriceDisplay_productPrice__pqWxK">1,39 €</div></div></div></a></div><div class="search-service-basketButtons Product_basketButtons__SYAkC"><div class="search-service-ProductActions ProductActions_ProductActions__D_l5E"><meso-data data-listingid="8-AK8L9LE8-d1d1e1d1-b919-4288-879f-a0361c836ff4" data-productid="1045111" data-orderlimit="99" data-amount="1" data-context="product-list-navigation"><div class="search-service-addToCartHandlerWrapper Add2CartHandler_addToCartHandlerWrapper__bvELT"><div class="bs_add2cart_container"><div class="lrms-favorite-button-container"><div class="lrms-addToFavMesoContainer"><div class="lrms-addToFavWrapper"><button class="lrms-addToFavHeartButton" data-cy="favorites-button_8-AK8L9LE8-d1d1e1d1-b919-4288-879f-a0361c836ff4"><img src="https://shop.rewe-static.de/rewe-myproducts/static-images/tab-icon-heart_v2_1.svg" alt="Zu Favoriten hinzufügen"></button></div></div></div><script type="application/json" class="favoritebutton-propstore">{"additionalUiData":{"assetBaseUrl":"https://shop.rewe-static.de/rewe-myproducts/1460f8b0a79573560094733389e74ebb95f3137b","staticAssetBaseUrl":"https://shop.rewe-static.de/rewe-myproducts","favoritesBaseUrl":"/api/favorites","anonymousFavoritesBaseUrl":"/api/anonymousfavorites"},"testgroups":["MENGENRABATTIERUNG","HIDE_REGULAR_PRICE"],"togglz":[]}</script><div class="bs_amount-handler bs_add2cart bs_amount-zero without-animation" data-is-initialized="true"><button class="basket-button bs_amount-minus basket_ripple" disabled=""></button><input type="number" pattern="[0-9]*" value="0" class="basket-input bs_amount-input" autocomplete="off"><button class="basket-button bs_amount-plus basket_ripple" aria-label="Artikel zum Warenkorb hinzufügen"></button></div></div><script type="text/javascript">
                    if (!window.ReweBasket) {
                        window.ReweBasket = {}
                    }
                </script><script type="text/javascript">
                    (function () {
                      var event = 'basket:addToBasketbuttonV2Render';
                      var customEvent;
                      var data = {};
                      if (typeof CustomEvent === 'function') {
                          customEvent = new CustomEvent(event, {detail: data});
                      } else {
                          customEvent = document.createEvent('CustomEvent');
                          customEvent.initCustomEvent(event, false, false, data);
                      }
                      document.dispatchEvent(customEvent);
                    })();
                </script></div></meso-data></div></div></div><div class="search-service-product Product_product__maAwA" aria-labelledby="13-4260093590963-d1d1e1d1-b919-4288-879f-a0361c836ff4-product-title"><div><input type="hidden" name="nan" value="8339524"><input type="hidden" name="listingId" value="13-4260093590963-d1d1e1d1-b919-4288-879f-a0361c836ff4"></div><div class="search-service-productDetailsWrapper Product_productDetailsWrapper__bX_s8"><a class="search-service-productDetailsLink Product_productDetailsLink__hXXfb" href="/p/karotten-2kg/8339524"><div class="search-service-pictureWrapper ProductMediaWrapper_pictureWrapper__ZHKoX"><div class="search-service-productPicture ProductMediaWrapper_productPicture__OXMYf"><div class="search-service-rsProductsMedia ProductMedia_rsProductsMedia__TgDb_"><picture><source srcset="https://img.rewe-static.de/8339524/30105634_digital-image.png?resize=152px:152px&amp;output-quality=80&amp;output-format=webp&amp;im=BackgroundColor,color=fffff 152w, https://img.rewe-static.de/8339524/30105634_digital-image.png?resize=304px:304px&amp;output-quality=80&amp;output-format=webp&amp;im=BackgroundColor,color=fffff 304w, https://img.rewe-static.de/8339524/30105634_digital-image.png?resize=456px:456px&amp;output-quality=80&amp;output-format=webp&amp;im=BackgroundColor,color=fffff 456w, https://img.rewe-static.de/8339524/30105634_digital-image.png?resize=88px:88px&amp;output-quality=80&amp;output-format=webp&amp;im=BackgroundColor,color=fffff 88w, https://img.rewe-static.de/8339524/30105634_digital-image.png?resize=176px:176px&amp;output-quality=80&amp;output-format=webp&amp;im=BackgroundColor,color=fffff 176w, https://img.rewe-static.de/8339524/30105634_digital-image.png?resize=264px:264px&amp;output-quality=80&amp;output-format=webp&amp;im=BackgroundColor,color=fffff 264w" sizes="(min-width: 580px) 152px, 88px" type="image/webp"><source srcset="https://img.rewe-static.de/8339524/30105634_digital-image.png?resize=152px:152px&amp;output-quality=80&amp;output-format=jpeg2000&amp;im=BackgroundColor,color=fffff 152w, https://img.rewe-static.de/8339524/30105634_digital-image.png?resize=304px:304px&amp;output-quality=80&amp;output-format=jpeg2000&amp;im=BackgroundColor,color=fffff 304w, https://img.rewe-static.de/8339524/30105634_digital-image.png?resize=456px:456px&amp;output-quality=80&amp;output-format=jpeg2000&amp;im=BackgroundColor,color=fffff 456w, https://img.rewe-static.de/8339524/30105634_digital-image.png?resize=88px:88px&amp;output-quality=80&amp;output-format=jpeg2000&amp;im=BackgroundColor,color=fffff 88w, https://img.rewe-static.de/8339524/30105634_digital-image.png?resize=176px:176px&amp;output-quality=80&amp;output-format=jpeg2000&amp;im=BackgroundColor,color=fffff 176w, https://img.rewe-static.de/8339524/30105634_digital-image.png?resize=264px:264px&amp;output-quality=80&amp;output-format=jpeg2000&amp;im=BackgroundColor,color=fffff 264w" sizes="(min-width: 580px) 152px, 88px" type="image/jp2"><source srcset="https://img.rewe-static.de/8339524/30105634_digital-image.png?resize=152px:152px&amp;output-quality=80&amp;output-format=jpeg&amp;im=BackgroundColor,color=fffff 152w, https://img.rewe-static.de/8339524/30105634_digital-image.png?resize=304px:304px&amp;output-quality=80&amp;output-format=jpeg&amp;im=BackgroundColor,color=fffff 304w, https://img.rewe-static.de/8339524/30105634_digital-image.png?resize=456px:456px&amp;output-quality=80&amp;output-format=jpeg&amp;im=BackgroundColor,color=fffff 456w, https://img.rewe-static.de/8339524/30105634_digital-image.png?resize=88px:88px&amp;output-quality=80&amp;output-format=jpeg&amp;im=BackgroundColor,color=fffff 88w, https://img.rewe-static.de/8339524/30105634_digital-image.png?resize=176px:176px&amp;output-quality=80&amp;output-format=jpeg&amp;im=BackgroundColor,color=fffff 176w, https://img.rewe-static.de/8339524/30105634_digital-image.png?resize=264px:264px&amp;output-quality=80&amp;output-format=jpeg&amp;im=BackgroundColor,color=fffff 264w" sizes="(min-width: 580px) 152px, 88px"><img src="https://img.rewe-static.de/8339524/30105634_digital-image.png?resize=152px:152px&amp;output-quality=80&amp;output-format=jpeg&amp;im=BackgroundColor,color=fffff" alt="Karotten 2kg" loading="lazy" width="152" height="152"></picture></div></div><div class="BadgesContainer_productBadges__mIOO1 search-service-productBadges"></div></div><div class="ProductDetailsWrapper_productDetails__7vI_z search-service-productDetails"><div class="ProductDetailsWrapper_partnerName__CqluS search-service-partnerName ProductDetailsWrapper_partnerNameEmpty__c5rTb search-service-partnerNameEmpty"></div><div class="ProductDetailsWrapper_productTitleWrapper__nJ1Fr search-service-productTitleWrapper"><h4 class="ProductDetailsWrapper_productTitle__XjgsA search-service-productTitle" id="13-4260093590963-d1d1e1d1-b919-4288-879f-a0361c836ff4-product-title"><div class="LinesEllipsis  ">Karotten 2kg<wbr></div></h4></div><div class="ProductGrammage_productGrammage__fMOJr search-service-productGrammage"><div>2kg (1 kg = 0,90 €)</div></div><div class="search-service-productDetailsFill ProductDetailsWrapper_productDetailsFill__TNboB"></div><div><div class="search-service-productPrice ProductPriceDisplay_productPrice__pqWxK">1,79 €</div></div></div></a></div><div class="search-service-basketButtons Product_basketButtons__SYAkC"><div class="search-service-ProductActions ProductActions_ProductActions__D_l5E"><meso-data data-listingid="13-4260093590963-d1d1e1d1-b919-4288-879f-a0361c836ff4" data-productid="8339524" data-orderlimit="99" data-amount="1" data-context="product-list-navigation"><div class="search-service-addToCartHandlerWrapper Add2CartHandler_addToCartHandlerWrapper__bvELT"><div class="bs_add2cart_container"><div class="lrms-favorite-button-container"><div class="lrms-addToFavMesoContainer"><div class="lrms-addToFavWrapper"><button class="lrms-addToFavHeartButton" data-cy="favorites-button_13-4260093590963-d1d1e1d1-b919-4288-879f-a0361c836ff4"><img src="https://shop.rewe-static.de/rewe-myproducts/static-images/tab-icon-heart_v2_1.svg" alt="Zu Favoriten hinzufügen"></button></div></div></div><script type="application/json" class="favoritebutton-propstore">{"additionalUiData":{"assetBaseUrl":"https://shop.rewe-static.de/rewe-myproducts/1460f8b0a79573560094733389e74ebb95f3137b","staticAssetBaseUrl":"https://shop.rewe-static.de/rewe-myproducts","favoritesBaseUrl":"/api/favorites","anonymousFavoritesBaseUrl":"/api/anonymousfavorites"},"testgroups":["MENGENRABATTIERUNG","HIDE_REGULAR_PRICE"],"togglz":[]}</script><div class="bs_amount-handler bs_add2cart bs_amount-zero without-animation" data-is-initialized="true"><button class="basket-button bs_amount-minus basket_ripple" disabled=""></button><input type="number" pattern="[0-9]*" value="0" class="basket-input bs_amount-input" autocomplete="off"><button class="basket-button bs_amount-plus basket_ripple" aria-label="Artikel zum Warenkorb hinzufügen"></button></div></div><script type="text/javascript">
                    if (!window.ReweBasket) {
                        window.ReweBasket = {}
                    }
                </script><script type="text/javascript">
                    (function () {
                      var event = 'basket:addToBasketbuttonV2Render';
                      var customEvent;
                      var data = {};
                      if (typeof CustomEvent === 'function') {
                          customEvent = new CustomEvent(event, {detail: data});
                      } else {
                          customEvent = document.createEvent('CustomEvent');
                          customEvent.initCustomEvent(event, false, false, data);
                      }
                      document.dispatchEvent(customEvent);
                    })();
                </script></div></meso-data></div></div></div><div class="search-service-product Product_product__maAwA" aria-labelledby="8-20469764-d1d1e1d1-b919-4288-879f-a0361c836ff4-product-title"><div><input type="hidden" name="nan" value="469769"><input type="hidden" name="listingId" value="8-20469764-d1d1e1d1-b919-4288-879f-a0361c836ff4"></div><div class="search-service-productDetailsWrapper Product_productDetailsWrapper__bX_s8"><a class="search-service-productDetailsLink Product_productDetailsLink__hXXfb" href="/p/karotten-ca-100g/469769"><div class="search-service-pictureWrapper ProductMediaWrapper_pictureWrapper__ZHKoX"><div class="search-service-productPicture ProductMediaWrapper_productPicture__OXMYf"><div class="search-service-rsProductsMedia ProductMedia_rsProductsMedia__TgDb_"><picture><source srcset="https://img.rewe-static.de/0469769/24569869_digital-image.png?resize=152px:152px&amp;output-quality=80&amp;output-format=webp&amp;im=BackgroundColor,color=fffff 152w, https://img.rewe-static.de/0469769/24569869_digital-image.png?resize=304px:304px&amp;output-quality=80&amp;output-format=webp&amp;im=BackgroundColor,color=fffff 304w, https://img.rewe-static.de/0469769/24569869_digital-image.png?resize=456px:456px&amp;output-quality=80&amp;output-format=webp&amp;im=BackgroundColor,color=fffff 456w, https://img.rewe-static.de/0469769/24569869_digital-image.png?resize=88px:88px&amp;output-quality=80&amp;output-format=webp&amp;im=BackgroundColor,color=fffff 88w, https://img.rewe-static.de/0469769/24569869_digital-image.png?resize=176px:176px&amp;output-quality=80&amp;output-format=webp&amp;im=BackgroundColor,color=fffff 176w, https://img.rewe-static.de/0469769/24569869_digital-image.png?resize=264px:264px&amp;output-quality=80&amp;output-format=webp&amp;im=BackgroundColor,color=fffff 264w" sizes="(min-width: 580px) 152px, 88px" type="image/webp"><source srcset="https://img.rewe-static.de/0469769/24569869_digital-image.png?resize=152px:152px&amp;output-quality=80&amp;output-format=jpeg2000&amp;im=BackgroundColor,color=fffff 152w, https://img.rewe-static.de/0469769/24569869_digital-image.png?resize=304px:304px&amp;output-quality=80&amp;output-format=jpeg2000&amp;im=BackgroundColor,color=fffff 304w, https://img.rewe-static.de/0469769/24569869_digital-image.png?resize=456px:456px&amp;output-quality=80&amp;output-format=jpeg2000&amp;im=BackgroundColor,color=fffff 456w, https://img.rewe-static.de/0469769/24569869_digital-image.png?resize=88px:88px&amp;output-quality=80&amp;output-format=jpeg2000&amp;im=BackgroundColor,color=fffff 88w, https://img.rewe-static.de/0469769/24569869_digital-image.png?resize=176px:176px&amp;output-quality=80&amp;output-format=jpeg2000&amp;im=BackgroundColor,color=fffff 176w, https://img.rewe-static.de/0469769/24569869_digital-image.png?resize=264px:264px&amp;output-quality=80&amp;output-format=jpeg2000&amp;im=BackgroundColor,color=fffff 264w" sizes="(min-width: 580px) 152px, 88px" type="image/jp2"><source srcset="https://img.rewe-static.de/0469769/24569869_digital-image.png?resize=152px:152px&amp;output-quality=80&amp;output-format=jpeg&amp;im=BackgroundColor,color=fffff 152w, https://img.rewe-static.de/0469769/24569869_digital-image.png?resize=304px:304px&amp;output-quality=80&amp;output-format=jpeg&amp;im=BackgroundColor,color=fffff 304w, https://img.rewe-static.de/0469769/24569869_digital-image.png?resize=456px:456px&amp;output-quality=80&amp;output-format=jpeg&amp;im=BackgroundColor,color=fffff 456w, https://img.rewe-static.de/0469769/24569869_digital-image.png?resize=88px:88px&amp;output-quality=80&amp;output-format=jpeg&amp;im=BackgroundColor,color=fffff 88w, https://img.rewe-static.de/0469769/24569869_digital-image.png?resize=176px:176px&amp;output-quality=80&amp;output-format=jpeg&amp;im=BackgroundColor,color=fffff 176w, https://img.rewe-static.de/0469769/24569869_digital-image.png?resize=264px:264px&amp;output-quality=80&amp;output-format=jpeg&amp;im=BackgroundColor,color=fffff 264w" sizes="(min-width: 580px) 152px, 88px"><img src="https://img.rewe-static.de/0469769/24569869_digital-image.png?resize=152px:152px&amp;output-quality=80&amp;output-format=jpeg&amp;im=BackgroundColor,color=fffff" alt="Karotten ca. 100g" loading="lazy" width="152" height="152"></picture></div></div><div class="BadgesContainer_productBadges__mIOO1 search-service-productBadges"></div></div><div class="ProductDetailsWrapper_productDetails__7vI_z search-service-productDetails"><div class="ProductDetailsWrapper_partnerName__CqluS search-service-partnerName ProductDetailsWrapper_partnerNameEmpty__c5rTb search-service-partnerNameEmpty"></div><div class="ProductDetailsWrapper_productTitleWrapper__nJ1Fr search-service-productTitleWrapper"><h4 class="ProductDetailsWrapper_productTitle__XjgsA search-service-productTitle" id="8-20469764-d1d1e1d1-b919-4288-879f-a0361c836ff4-product-title"><div class="LinesEllipsis  ">Karotten ca. 100g<wbr></div></h4></div><div class="ProductGrammage_productGrammage__fMOJr search-service-productGrammage"><div>1 Stück ca. 100 g (1 kg = 1,49 €)</div></div><div class="search-service-productDetailsFill ProductDetailsWrapper_productDetailsFill__TNboB"></div><div><div class="search-service-productPrice ProductPriceDisplay_productPrice__pqWxK">0,15 €</div></div></div></a></div><div class="search-service-basketButtons Product_basketButtons__SYAkC"><div class="search-service-ProductActions ProductActions_ProductActions__D_l5E"><meso-data data-listingid="8-20469764-d1d1e1d1-b919-4288-879f-a0361c836ff4" data-productid="469769" data-orderlimit="99" data-amount="1" data-context="product-list-navigation"><div class="search-service-addToCartHandlerWrapper Add2CartHandler_addToCartHandlerWrapper__bvELT"><div class="bs_add2cart_container"><div class="lrms-favorite-button-container"><div class="lrms-addToFavMesoContainer"><div class="lrms-addToFavWrapper"><button class="lrms-addToFavHeartButton" data-cy="favorites-button_8-20469764-d1d1e1d1-b919-4288-879f-a0361c836ff4"><img src="https://shop.rewe-static.de/rewe-myproducts/static-images/tab-icon-heart_v2_1.svg" alt="Zu Favoriten hinzufügen"></button></div></div></div><script type="application/json" class="favoritebutton-propstore">{"additionalUiData":{"assetBaseUrl":"https://shop.rewe-static.de/rewe-myproducts/1460f8b0a79573560094733389e74ebb95f3137b","staticAssetBaseUrl":"https://shop.rewe-static.de/rewe-myproducts","favoritesBaseUrl":"/api/favorites","anonymousFavoritesBaseUrl":"/api/anonymousfavorites"},"testgroups":["MENGENRABATTIERUNG","HIDE_REGULAR_PRICE"],"togglz":[]}</script><div class="bs_amount-handler bs_add2cart bs_amount-zero without-animation" data-is-initialized="true"><button class="basket-button bs_amount-minus basket_ripple" disabled=""></button><input type="number" pattern="[0-9]*" value="0" class="basket-input bs_amount-input" autocomplete="off"><button class="basket-button bs_amount-plus basket_ripple" aria-label="Artikel zum Warenkorb hinzufügen"></button></div></div><script type="text/javascript">
                    if (!window.ReweBasket) {
                        window.ReweBasket = {}
                    }
                </script><script type="text/javascript">
                    (function () {
                      var event = 'basket:addToBasketbuttonV2Render';
                      var customEvent;
                      var data = {};
                      if (typeof CustomEvent === 'function') {
                          customEvent = new CustomEvent(event, {detail: data});
                      } else {
                          customEvent = document.createEvent('CustomEvent');
                          customEvent.initCustomEvent(event, false, false, data);
                      }
                      document.dispatchEvent(customEvent);
                    })();
                </script></div></meso-data></div></div></div><div class="search-service-product Product_product__maAwA" aria-labelledby="13-8437000005124-d1d1e1d1-b919-4288-879f-a0361c836ff4-product-title"><div><input type="hidden" name="nan" value="483010"><input type="hidden" name="listingId" value="13-8437000005124-d1d1e1d1-b919-4288-879f-a0361c836ff4"></div><div class="search-service-productDetailsWrapper Product_productDetailsWrapper__bX_s8"><a class="search-service-productDetailsLink Product_productDetailsLink__hXXfb" href="/p/karotten-mit-gruen-im-bund/483010"><div class="search-service-pictureWrapper ProductMediaWrapper_pictureWrapper__ZHKoX"><div class="search-service-productPicture ProductMediaWrapper_productPicture__OXMYf"><div class="search-service-rsProductsMedia ProductMedia_rsProductsMedia__TgDb_"><picture><source srcset="https://img.rewe-static.de/0483010/7361800_digital-image.png?resize=152px:152px&amp;output-quality=80&amp;output-format=webp&amp;im=BackgroundColor,color=fffff 152w, https://img.rewe-static.de/0483010/7361800_digital-image.png?resize=304px:304px&amp;output-quality=80&amp;output-format=webp&amp;im=BackgroundColor,color=fffff 304w, https://img.rewe-static.de/0483010/7361800_digital-image.png?resize=456px:456px&amp;output-quality=80&amp;output-format=webp&amp;im=BackgroundColor,color=fffff 456w, https://img.rewe-static.de/0483010/7361800_digital-image.png?resize=88px:88px&amp;output-quality=80&amp;output-format=webp&amp;im=BackgroundColor,color=fffff 88w, https://img.rewe-static.de/0483010/7361800_digital-image.png?resize=176px:176px&amp;output-quality=80&amp;output-format=webp&amp;im=BackgroundColor,color=fffff 176w, https://img.rewe-static.de/0483010/7361800_digital-image.png?resize=264px:264px&amp;output-quality=80&amp;output-format=webp&amp;im=BackgroundColor,color=fffff 264w" sizes="(min-width: 580px) 152px, 88px" type="image/webp"><source srcset="https://img.rewe-static.de/0483010/7361800_digital-image.png?resize=152px:152px&amp;output-quality=80&amp;output-format=jpeg2000&amp;im=BackgroundColor,color=fffff 152w, https://img.rewe-static.de/0483010/7361800_digital-image.png?resize=304px:304px&amp;output-quality=80&amp;output-format=jpeg2000&amp;im=BackgroundColor,color=fffff 304w, https://img.rewe-static.de/0483010/7361800_digital-image.png?resize=456px:456px&amp;output-quality=80&amp;output-format=jpeg2000&amp;im=BackgroundColor,color=fffff 456w, https://img.rewe-static.de/0483010/7361800_digital-image.png?resize=88px:88px&amp;output-quality=80&amp;output-format=jpeg2000&amp;im=BackgroundColor,color=fffff 88w, https://img.rewe-static.de/0483010/7361800_digital-image.png?resize=176px:176px&amp;output-quality=80&amp;output-format=jpeg2000&amp;im=BackgroundColor,color=fffff 176w, https://img.rewe-static.de/0483010/7361800_digital-image.png?resize=264px:264px&amp;output-quality=80&amp;output-format=jpeg2000&amp;im=BackgroundColor,color=fffff 264w" sizes="(min-width: 580px) 152px, 88px" type="image/jp2"><source srcset="https://img.rewe-static.de/0483010/7361800_digital-image.png?resize=152px:152px&amp;output-quality=80&amp;output-format=jpeg&amp;im=BackgroundColor,color=fffff 152w, https://img.rewe-static.de/0483010/7361800_digital-image.png?resize=304px:304px&amp;output-quality=80&amp;output-format=jpeg&amp;im=BackgroundColor,color=fffff 304w, https://img.rewe-static.de/0483010/7361800_digital-image.png?resize=456px:456px&amp;output-quality=80&amp;output-format=jpeg&amp;im=BackgroundColor,color=fffff 456w, https://img.rewe-static.de/0483010/7361800_digital-image.png?resize=88px:88px&amp;output-quality=80&amp;output-format=jpeg&amp;im=BackgroundColor,color=fffff 88w, https://img.rewe-static.de/0483010/7361800_digital-image.png?resize=176px:176px&amp;output-quality=80&amp;output-format=jpeg&amp;im=BackgroundColor,color=fffff 176w, https://img.rewe-static.de/0483010/7361800_digital-image.png?resize=264px:264px&amp;output-quality=80&amp;output-format=jpeg&amp;im=BackgroundColor,color=fffff 264w" sizes="(min-width: 580px) 152px, 88px"><img src="https://img.rewe-static.de/0483010/7361800_digital-image.png?resize=152px:152px&amp;output-quality=80&amp;output-format=jpeg&amp;im=BackgroundColor,color=fffff" alt="Karotten mit Grün im Bund" loading="lazy" width="152" height="152"></picture></div></div><div class="BadgesContainer_productBadges__mIOO1 search-service-productBadges"></div></div><div class="ProductDetailsWrapper_productDetails__7vI_z search-service-productDetails"><div class="ProductDetailsWrapper_partnerName__CqluS search-service-partnerName ProductDetailsWrapper_partnerNameEmpty__c5rTb search-service-partnerNameEmpty"></div><div class="ProductDetailsWrapper_productTitleWrapper__nJ1Fr search-service-productTitleWrapper"><h4 class="ProductDetailsWrapper_productTitle__XjgsA search-service-productTitle" id="13-8437000005124-d1d1e1d1-b919-4288-879f-a0361c836ff4-product-title"><div class="LinesEllipsis  ">Karotten mit Grün im Bund<wbr></div></h4></div><div class="ProductGrammage_productGrammage__fMOJr search-service-productGrammage"><div>1 Stück</div></div><div class="search-service-productDetailsFill ProductDetailsWrapper_productDetailsFill__TNboB"></div><div><div class="search-service-productPrice ProductPriceDisplay_productPrice__pqWxK">1,29 €</div></div></div></a></div><div class="search-service-basketButtons Product_basketButtons__SYAkC"><div class="search-service-ProductActions ProductActions_ProductActions__D_l5E"><meso-data data-listingid="13-8437000005124-d1d1e1d1-b919-4288-879f-a0361c836ff4" data-productid="483010" data-orderlimit="99" data-amount="1" data-context="product-list-navigation"><div class="search-service-addToCartHandlerWrapper Add2CartHandler_addToCartHandlerWrapper__bvELT"><div class="bs_add2cart_container"><div class="lrms-favorite-button-container"><div class="lrms-addToFavMesoContainer"><div class="lrms-addToFavWrapper"><button class="lrms-addToFavHeartButton" data-cy="favorites-button_13-8437000005124-d1d1e1d1-b919-4288-879f-a0361c836ff4"><img src="https://shop.rewe-static.de/rewe-myproducts/static-images/tab-icon-heart_v2_1.svg" alt="Zu Favoriten hinzufügen"></button></div></div></div><script type="application/json" class="favoritebutton-propstore">{"additionalUiData":{"assetBaseUrl":"https://shop.rewe-static.de/rewe-myproducts/1460f8b0a79573560094733389e74ebb95f3137b","staticAssetBaseUrl":"https://shop.rewe-static.de/rewe-myproducts","favoritesBaseUrl":"/api/favorites","anonymousFavoritesBaseUrl":"/api/anonymousfavorites"},"testgroups":["MENGENRABATTIERUNG","HIDE_REGULAR_PRICE"],"togglz":[]}</script><div class="bs_amount-handler bs_add2cart bs_amount-zero without-animation" data-is-initialized="true"><button class="basket-button bs_amount-minus basket_ripple" disabled=""></button><input type="number" pattern="[0-9]*" value="0" class="basket-input bs_amount-input" autocomplete="off"><button class="basket-button bs_amount-plus basket_ripple" aria-label="Artikel zum Warenkorb hinzufügen"></button></div></div><script type="text/javascript">
                    if (!window.ReweBasket) {
                        window.ReweBasket = {}
                    }
                </script><script type="text/javascript">
                    (function () {
                      var event = 'basket:addToBasketbuttonV2Render';
                      var customEvent;
                      var data = {};
                      if (typeof CustomEvent === 'function') {
                          customEvent = new CustomEvent(event, {detail: data});
                      } else {
                          customEvent = document.createEvent('CustomEvent');
                          customEvent.initCustomEvent(event, false, false, data);
                      }
                      document.dispatchEvent(customEvent);
                    })();
                </script></div></meso-data></div></div></div><div class="search-service-product Product_product__maAwA" aria-labelledby="8-27160121-d1d1e1d1-b919-4288-879f-a0361c836ff4-product-title"><div><input type="hidden" name="nan" value="8378934"><input type="hidden" name="listingId" value="8-27160121-d1d1e1d1-b919-4288-879f-a0361c836ff4"></div><div class="search-service-productDetailsWrapper Product_productDetailsWrapper__bX_s8"><a class="search-service-productDetailsLink Product_productDetailsLink__hXXfb" href="/p/kartoffel-mehligkochend-2kg/8378934"><div class="search-service-pictureWrapper ProductMediaWrapper_pictureWrapper__ZHKoX"><div class="search-service-productPicture ProductMediaWrapper_productPicture__OXMYf"><div class="search-service-rsProductsMedia ProductMedia_rsProductsMedia__TgDb_"><picture><source srcset="https://img.rewe-static.de/8378934/31571991_digital-image.png?resize=152px:152px&amp;output-quality=80&amp;output-format=webp&amp;im=BackgroundColor,color=fffff 152w, https://img.rewe-static.de/8378934/31571991_digital-image.png?resize=304px:304px&amp;output-quality=80&amp;output-format=webp&amp;im=BackgroundColor,color=fffff 304w, https://img.rewe-static.de/8378934/31571991_digital-image.png?resize=456px:456px&amp;output-quality=80&amp;output-format=webp&amp;im=BackgroundColor,color=fffff 456w, https://img.rewe-static.de/8378934/31571991_digital-image.png?resize=88px:88px&amp;output-quality=80&amp;output-format=webp&amp;im=BackgroundColor,color=fffff 88w, https://img.rewe-static.de/8378934/31571991_digital-image.png?resize=176px:176px&amp;output-quality=80&amp;output-format=webp&amp;im=BackgroundColor,color=fffff 176w, https://img.rewe-static.de/8378934/31571991_digital-image.png?resize=264px:264px&amp;output-quality=80&amp;output-format=webp&amp;im=BackgroundColor,color=fffff 264w" sizes="(min-width: 580px) 152px, 88px" type="image/webp"><source srcset="https://img.rewe-static.de/8378934/31571991_digital-image.png?resize=152px:152px&amp;output-quality=80&amp;output-format=jpeg2000&amp;im=BackgroundColor,color=fffff 152w, https://img.rewe-static.de/8378934/31571991_digital-image.png?resize=304px:304px&amp;output-quality=80&amp;output-format=jpeg2000&amp;im=BackgroundColor,color=fffff 304w, https://img.rewe-static.de/8378934/31571991_digital-image.png?resize=456px:456px&amp;output-quality=80&amp;output-format=jpeg2000&amp;im=BackgroundColor,color=fffff 456w, https://img.rewe-static.de/8378934/31571991_digital-image.png?resize=88px:88px&amp;output-quality=80&amp;output-format=jpeg2000&amp;im=BackgroundColor,color=fffff 88w, https://img.rewe-static.de/8378934/31571991_digital-image.png?resize=176px:176px&amp;output-quality=80&amp;output-format=jpeg2000&amp;im=BackgroundColor,color=fffff 176w, https://img.rewe-static.de/8378934/31571991_digital-image.png?resize=264px:264px&amp;output-quality=80&amp;output-format=jpeg2000&amp;im=BackgroundColor,color=fffff 264w" sizes="(min-width: 580px) 152px, 88px" type="image/jp2"><source srcset="https://img.rewe-static.de/8378934/31571991_digital-image.png?resize=152px:152px&amp;output-quality=80&amp;output-format=jpeg&amp;im=BackgroundColor,color=fffff 152w, https://img.rewe-static.de/8378934/31571991_digital-image.png?resize=304px:304px&amp;output-quality=80&amp;output-format=jpeg&amp;im=BackgroundColor,color=fffff 304w, https://img.rewe-static.de/8378934/31571991_digital-image.png?resize=456px:456px&amp;output-quality=80&amp;output-format=jpeg&amp;im=BackgroundColor,color=fffff 456w, https://img.rewe-static.de/8378934/31571991_digital-image.png?resize=88px:88px&amp;output-quality=80&amp;output-format=jpeg&amp;im=BackgroundColor,color=fffff 88w, https://img.rewe-static.de/8378934/31571991_digital-image.png?resize=176px:176px&amp;output-quality=80&amp;output-format=jpeg&amp;im=BackgroundColor,color=fffff 176w, https://img.rewe-static.de/8378934/31571991_digital-image.png?resize=264px:264px&amp;output-quality=80&amp;output-format=jpeg&amp;im=BackgroundColor,color=fffff 264w" sizes="(min-width: 580px) 152px, 88px"><img src="https://img.rewe-static.de/8378934/31571991_digital-image.png?resize=152px:152px&amp;output-quality=80&amp;output-format=jpeg&amp;im=BackgroundColor,color=fffff" alt="Kartoffel mehligkochend 2kg" loading="lazy" width="152" height="152"></picture></div></div><div class="BadgesContainer_productBadges__mIOO1 search-service-productBadges"></div></div><div class="ProductDetailsWrapper_productDetails__7vI_z search-service-productDetails"><div class="ProductDetailsWrapper_partnerName__CqluS search-service-partnerName ProductDetailsWrapper_partnerNameEmpty__c5rTb search-service-partnerNameEmpty"></div><div class="ProductDetailsWrapper_productTitleWrapper__nJ1Fr search-service-productTitleWrapper"><h4 class="ProductDetailsWrapper_productTitle__XjgsA search-service-productTitle" id="8-27160121-d1d1e1d1-b919-4288-879f-a0361c836ff4-product-title"><div class="LinesEllipsis  ">Kartoffel mehligkochend 2kg<wbr></div></h4></div><div class="ProductGrammage_productGrammage__fMOJr search-service-productGrammage"><div>2kg (1 kg = 1,15 €)</div></div><div class="search-service-productDetailsFill ProductDetailsWrapper_productDetailsFill__TNboB"></div><div><div class="search-service-productPrice ProductPriceDisplay_productPrice__pqWxK">2,29 €</div></div></div></a></div><div class="search-service-basketButtons Product_basketButtons__SYAkC"><div class="search-service-ProductActions ProductActions_ProductActions__D_l5E"><meso-data data-listingid="8-27160121-d1d1e1d1-b919-4288-879f-a0361c836ff4" data-productid="8378934" data-orderlimit="99" data-amount="1" data-context="product-list-navigation"><div class="search-service-addToCartHandlerWrapper Add2CartHandler_addToCartHandlerWrapper__bvELT"><div class="bs_add2cart_container"><div class="lrms-favorite-button-container"><div class="lrms-addToFavMesoContainer"><div class="lrms-addToFavWrapper"><button class="lrms-addToFavHeartButton" data-cy="favorites-button_8-27160121-d1d1e1d1-b919-4288-879f-a0361c836ff4"><img src="https://shop.rewe-static.de/rewe-myproducts/static-images/tab-icon-heart_v2_1.svg" alt="Zu Favoriten hinzufügen"></button></div></div></div><script type="application/json" class="favoritebutton-propstore">{"additionalUiData":{"assetBaseUrl":"https://shop.rewe-static.de/rewe-myproducts/1460f8b0a79573560094733389e74ebb95f3137b","staticAssetBaseUrl":"https://shop.rewe-static.de/rewe-myproducts","favoritesBaseUrl":"/api/favorites","anonymousFavoritesBaseUrl":"/api/anonymousfavorites"},"testgroups":["MENGENRABATTIERUNG","HIDE_REGULAR_PRICE"],"togglz":[]}</script><div class="bs_amount-handler bs_add2cart bs_amount-zero without-animation" data-is-initialized="true"><button class="basket-button bs_amount-minus basket_ripple" disabled=""></button><input type="number" pattern="[0-9]*" value="0" class="basket-input bs_amount-input" autocomplete="off"><button class="basket-button bs_amount-plus basket_ripple" aria-label="Artikel zum Warenkorb hinzufügen"></button></div></div><script type="text/javascript">
                    if (!window.ReweBasket) {
                        window.ReweBasket = {}
                    }
                </script><script type="text/javascript">
                    (function () {
                      var event = 'basket:addToBasketbuttonV2Render';
                      var customEvent;
                      var data = {};
                      if (typeof CustomEvent === 'function') {
                          customEvent = new CustomEvent(event, {detail: data});
                      } else {
                          customEvent = document.createEvent('CustomEvent');
                          customEvent.initCustomEvent(event, false, false, data);
                      }
                      document.dispatchEvent(customEvent);
                    })();
                </script></div></meso-data></div></div></div><div class="search-service-product Product_product__maAwA" aria-labelledby="8-27160015-d1d1e1d1-b919-4288-879f-a0361c836ff4-product-title"><div><input type="hidden" name="nan" value="8033637"><input type="hidden" name="listingId" value="8-27160015-d1d1e1d1-b919-4288-879f-a0361c836ff4"></div><div class="search-service-productDetailsWrapper Product_productDetailsWrapper__bX_s8"><a class="search-service-productDetailsLink Product_productDetailsLink__hXXfb" href="/p/kartoffel-vorwiegend-festkochend-2kg/8033637"><div class="search-service-pictureWrapper ProductMediaWrapper_pictureWrapper__ZHKoX"><div class="search-service-productPicture ProductMediaWrapper_productPicture__OXMYf"><div class="search-service-rsProductsMedia ProductMedia_rsProductsMedia__TgDb_"><picture><source srcset="https://img.rewe-static.de/8033637/31571806_digital-image.png?resize=152px:152px&amp;output-quality=80&amp;output-format=webp&amp;im=BackgroundColor,color=fffff 152w, https://img.rewe-static.de/8033637/31571806_digital-image.png?resize=304px:304px&amp;output-quality=80&amp;output-format=webp&amp;im=BackgroundColor,color=fffff 304w, https://img.rewe-static.de/8033637/31571806_digital-image.png?resize=456px:456px&amp;output-quality=80&amp;output-format=webp&amp;im=BackgroundColor,color=fffff 456w, https://img.rewe-static.de/8033637/31571806_digital-image.png?resize=88px:88px&amp;output-quality=80&amp;output-format=webp&amp;im=BackgroundColor,color=fffff 88w, https://img.rewe-static.de/8033637/31571806_digital-image.png?resize=176px:176px&amp;output-quality=80&amp;output-format=webp&amp;im=BackgroundColor,color=fffff 176w, https://img.rewe-static.de/8033637/31571806_digital-image.png?resize=264px:264px&amp;output-quality=80&amp;output-format=webp&amp;im=BackgroundColor,color=fffff 264w" sizes="(min-width: 580px) 152px, 88px" type="image/webp"><source srcset="https://img.rewe-static.de/8033637/31571806_digital-image.png?resize=152px:152px&amp;output-quality=80&amp;output-format=jpeg2000&amp;im=BackgroundColor,color=fffff 152w, https://img.rewe-static.de/8033637/31571806_digital-image.png?resize=304px:304px&amp;output-quality=80&amp;output-format=jpeg2000&amp;im=BackgroundColor,color=fffff 304w, https://img.rewe-static.de/8033637/31571806_digital-image.png?resize=456px:456px&amp;output-quality=80&amp;output-format=jpeg2000&amp;im=BackgroundColor,color=fffff 456w, https://img.rewe-static.de/8033637/31571806_digital-image.png?resize=88px:88px&amp;output-quality=80&amp;output-format=jpeg2000&amp;im=BackgroundColor,color=fffff 88w, https://img.rewe-static.de/8033637/31571806_digital-image.png?resize=176px:176px&amp;output-quality=80&amp;output-format=jpeg2000&amp;im=BackgroundColor,color=fffff 176w, https://img.rewe-static.de/8033637/31571806_digital-image.png?resize=264px:264px&amp;output-quality=80&amp;output-format=jpeg2000&amp;im=BackgroundColor,color=fffff 264w" sizes="(min-width: 580px) 152px, 88px" type="image/jp2"><source srcset="https://img.rewe-static.de/8033637/31571806_digital-image.png?resize=152px:152px&amp;output-quality=80&amp;output-format=jpeg&amp;im=BackgroundColor,color=fffff 152w, https://img.rewe-static.de/8033637/31571806_digital-image.png?resize=304px:304px&amp;output-quality=80&amp;output-format=jpeg&amp;im=BackgroundColor,color=fffff 304w, https://img.rewe-static.de/8033637/31571806_digital-image.png?resize=456px:456px&amp;output-quality=80&amp;output-format=jpeg&amp;im=BackgroundColor,color=fffff 456w, https://img.rewe-static.de/8033637/31571806_digital-image.png?resize=88px:88px&amp;output-quality=80&amp;output-format=jpeg&amp;im=BackgroundColor,color=fffff 88w, https://img.rewe-static.de/8033637/31571806_digital-image.png?resize=176px:176px&amp;output-quality=80&amp;output-format=jpeg&amp;im=BackgroundColor,color=fffff 176w, https://img.rewe-static.de/8033637/31571806_digital-image.png?resize=264px:264px&amp;output-quality=80&amp;output-format=jpeg&amp;im=BackgroundColor,color=fffff 264w" sizes="(min-width: 580px) 152px, 88px"><img src="https://img.rewe-static.de/8033637/31571806_digital-image.png?resize=152px:152px&amp;output-quality=80&amp;output-format=jpeg&amp;im=BackgroundColor,color=fffff" alt="Kartoffel vorwiegend festkochend 2kg" loading="lazy" width="152" height="152"></picture></div></div><div class="BadgesContainer_productBadges__mIOO1 search-service-productBadges"></div></div><div class="ProductDetailsWrapper_productDetails__7vI_z search-service-productDetails"><div class="ProductDetailsWrapper_partnerName__CqluS search-service-partnerName ProductDetailsWrapper_partnerNameEmpty__c5rTb search-service-partnerNameEmpty"></div><div class="ProductDetailsWrapper_productTitleWrapper__nJ1Fr search-service-productTitleWrapper"><h4 class="ProductDetailsWrapper_productTitle__XjgsA search-service-productTitle" id="8-27160015-d1d1e1d1-b919-4288-879f-a0361c836ff4-product-title"><div class="LinesEllipsis  ">Kartoffel vorwiegend festkochend 2kg<wbr></div></h4></div><div class="ProductGrammage_productGrammage__fMOJr search-service-productGrammage"><div>2kg (1 kg = 1,15 €)</div></div><div class="search-service-productDetailsFill ProductDetailsWrapper_productDetailsFill__TNboB"></div><div><div class="search-service-productPrice ProductPriceDisplay_productPrice__pqWxK">2,29 €</div></div></div></a></div><div class="search-service-basketButtons Product_basketButtons__SYAkC"><div class="search-service-ProductActions ProductActions_ProductActions__D_l5E"><meso-data data-listingid="8-27160015-d1d1e1d1-b919-4288-879f-a0361c836ff4" data-productid="8033637" data-orderlimit="99" data-amount="1" data-context="product-list-navigation"><div class="search-service-addToCartHandlerWrapper Add2CartHandler_addToCartHandlerWrapper__bvELT"><div class="bs_add2cart_container"><div class="lrms-favorite-button-container"><div class="lrms-addToFavMesoContainer"><div class="lrms-addToFavWrapper"><button class="lrms-addToFavHeartButton" data-cy="favorites-button_8-27160015-d1d1e1d1-b919-4288-879f-a0361c836ff4"><img src="https://shop.rewe-static.de/rewe-myproducts/static-images/tab-icon-heart_v2_1.svg" alt="Zu Favoriten hinzufügen"></button></div></div></div><script type="application/json" class="favoritebutton-propstore">{"additionalUiData":{"assetBaseUrl":"https://shop.rewe-static.de/rewe-myproducts/1460f8b0a79573560094733389e74ebb95f3137b","staticAssetBaseUrl":"https://shop.rewe-static.de/rewe-myproducts","favoritesBaseUrl":"/api/favorites","anonymousFavoritesBaseUrl":"/api/anonymousfavorites"},"testgroups":["MENGENRABATTIERUNG","HIDE_REGULAR_PRICE"],"togglz":[]}</script><div class="bs_amount-handler bs_add2cart bs_amount-zero without-animation" data-is-initialized="true"><button class="basket-button bs_amount-minus basket_ripple" disabled=""></button><input type="number" pattern="[0-9]*" value="0" class="basket-input bs_amount-input" autocomplete="off"><button class="basket-button bs_amount-plus basket_ripple" aria-label="Artikel zum Warenkorb hinzufügen"></button></div></div><script type="text/javascript">
                    if (!window.ReweBasket) {
                        window.ReweBasket = {}
                    }
                </script><script type="text/javascript">
                    (function () {
                      var event = 'basket:addToBasketbuttonV2Render';
                      var customEvent;
                      var data = {};
                      if (typeof CustomEvent === 'function') {
                          customEvent = new CustomEvent(event, {detail: data});
                      } else {
                          customEvent = document.createEvent('CustomEvent');
                          customEvent.initCustomEvent(event, false, false, data);
                      }
                      document.dispatchEvent(customEvent);
                    })();
                </script></div></meso-data></div></div></div><div class="search-service-product Product_product__maAwA" aria-labelledby="8-27157640-d1d1e1d1-b919-4288-879f-a0361c836ff4-product-title"><div><input type="hidden" name="nan" value="8035226"><input type="hidden" name="listingId" value="8-27157640-d1d1e1d1-b919-4288-879f-a0361c836ff4"></div><div class="search-service-productDetailsWrapper Product_productDetailsWrapper__bX_s8"><a class="search-service-productDetailsLink Product_productDetailsLink__hXXfb" href="/p/kartoffeln-festkochend-2kg/8035226"><div class="search-service-pictureWrapper ProductMediaWrapper_pictureWrapper__ZHKoX"><div class="search-service-productPicture ProductMediaWrapper_productPicture__OXMYf"><div class="search-service-rsProductsMedia ProductMedia_rsProductsMedia__TgDb_"><picture><source srcset="https://img.rewe-static.de/8035226/31571721_digital-image.png?resize=152px:152px&amp;output-quality=80&amp;output-format=webp&amp;im=BackgroundColor,color=fffff 152w, https://img.rewe-static.de/8035226/31571721_digital-image.png?resize=304px:304px&amp;output-quality=80&amp;output-format=webp&amp;im=BackgroundColor,color=fffff 304w, https://img.rewe-static.de/8035226/31571721_digital-image.png?resize=456px:456px&amp;output-quality=80&amp;output-format=webp&amp;im=BackgroundColor,color=fffff 456w, https://img.rewe-static.de/8035226/31571721_digital-image.png?resize=88px:88px&amp;output-quality=80&amp;output-format=webp&amp;im=BackgroundColor,color=fffff 88w, https://img.rewe-static.de/8035226/31571721_digital-image.png?resize=176px:176px&amp;output-quality=80&amp;output-format=webp&amp;im=BackgroundColor,color=fffff 176w, https://img.rewe-static.de/8035226/31571721_digital-image.png?resize=264px:264px&amp;output-quality=80&amp;output-format=webp&amp;im=BackgroundColor,color=fffff 264w" sizes="(min-width: 580px) 152px, 88px" type="image/webp"><source srcset="https://img.rewe-static.de/8035226/31571721_digital-image.png?resize=152px:152px&amp;output-quality=80&amp;output-format=jpeg2000&amp;im=BackgroundColor,color=fffff 152w, https://img.rewe-static.de/8035226/31571721_digital-image.png?resize=304px:304px&amp;output-quality=80&amp;output-format=jpeg2000&amp;im=BackgroundColor,color=fffff 304w, https://img.rewe-static.de/8035226/31571721_digital-image.png?resize=456px:456px&amp;output-quality=80&amp;output-format=jpeg2000&amp;im=BackgroundColor,color=fffff 456w, https://img.rewe-static.de/8035226/31571721_digital-image.png?resize=88px:88px&amp;output-quality=80&amp;output-format=jpeg2000&amp;im=BackgroundColor,color=fffff 88w, https://img.rewe-static.de/8035226/31571721_digital-image.png?resize=176px:176px&amp;output-quality=80&amp;output-format=jpeg2000&amp;im=BackgroundColor,color=fffff 176w, https://img.rewe-static.de/8035226/31571721_digital-image.png?resize=264px:264px&amp;output-quality=80&amp;output-format=jpeg2000&amp;im=BackgroundColor,color=fffff 264w" sizes="(min-width: 580px) 152px, 88px" type="image/jp2"><source srcset="https://img.rewe-static.de/8035226/31571721_digital-image.png?resize=152px:152px&amp;output-quality=80&amp;output-format=jpeg&amp;im=BackgroundColor,color=fffff 152w, https://img.rewe-static.de/8035226/31571721_digital-image.png?resize=304px:304px&amp;output-quality=80&amp;output-format=jpeg&amp;im=BackgroundColor,color=fffff 304w, https://img.rewe-static.de/8035226/31571721_digital-image.png?resize=456px:456px&amp;output-quality=80&amp;output-format=jpeg&amp;im=BackgroundColor,color=fffff 456w, https://img.rewe-static.de/8035226/31571721_digital-image.png?resize=88px:88px&amp;output-quality=80&amp;output-format=jpeg&amp;im=BackgroundColor,color=fffff 88w, https://img.rewe-static.de/8035226/31571721_digital-image.png?resize=176px:176px&amp;output-quality=80&amp;output-format=jpeg&amp;im=BackgroundColor,color=fffff 176w, https://img.rewe-static.de/8035226/31571721_digital-image.png?resize=264px:264px&amp;output-quality=80&amp;output-format=jpeg&amp;im=BackgroundColor,color=fffff 264w" sizes="(min-width: 580px) 152px, 88px"><img src="https://img.rewe-static.de/8035226/31571721_digital-image.png?resize=152px:152px&amp;output-quality=80&amp;output-format=jpeg&amp;im=BackgroundColor,color=fffff" alt="Kartoffeln festkochend 2kg" loading="lazy" width="152" height="152"></picture></div></div><div class="BadgesContainer_productBadges__mIOO1 search-service-productBadges"></div></div><div class="ProductDetailsWrapper_productDetails__7vI_z search-service-productDetails"><div class="ProductDetailsWrapper_partnerName__CqluS search-service-partnerName ProductDetailsWrapper_partnerNameEmpty__c5rTb search-service-partnerNameEmpty"></div><div class="ProductDetailsWrapper_productTitleWrapper__nJ1Fr search-service-productTitleWrapper"><h4 class="ProductDetailsWrapper_productTitle__XjgsA search-service-productTitle" id="8-27157640-d1d1e1d1-b919-4288-879f-a0361c836ff4-product-title"><div class="LinesEllipsis  ">Kartoffeln festkochend 2kg<wbr></div></h4></div><div class="ProductGrammage_productGrammage__fMOJr search-service-productGrammage"><div>2kg (1 kg = 1,15 €)</div></div><div class="search-service-productDetailsFill ProductDetailsWrapper_productDetailsFill__TNboB"></div><div><div class="search-service-productPrice ProductPriceDisplay_productPrice__pqWxK">2,29 €</div></div></div></a></div><div class="search-service-basketButtons Product_basketButtons__SYAkC"><div class="search-service-ProductActions ProductActions_ProductActions__D_l5E"><meso-data data-listingid="8-27157640-d1d1e1d1-b919-4288-879f-a0361c836ff4" data-productid="8035226" data-orderlimit="99" data-amount="1" data-context="product-list-navigation"><div class="search-service-addToCartHandlerWrapper Add2CartHandler_addToCartHandlerWrapper__bvELT"><div class="bs_add2cart_container"><div class="lrms-favorite-button-container"><div class="lrms-addToFavMesoContainer"><div class="lrms-addToFavWrapper"><button class="lrms-addToFavHeartButton" data-cy="favorites-button_8-27157640-d1d1e1d1-b919-4288-879f-a0361c836ff4"><img src="https://shop.rewe-static.de/rewe-myproducts/static-images/tab-icon-heart_v2_1.svg" alt="Zu Favoriten hinzufügen"></button></div></div></div><script type="application/json" class="favoritebutton-propstore">{"additionalUiData":{"assetBaseUrl":"https://shop.rewe-static.de/rewe-myproducts/1460f8b0a79573560094733389e74ebb95f3137b","staticAssetBaseUrl":"https://shop.rewe-static.de/rewe-myproducts","favoritesBaseUrl":"/api/favorites","anonymousFavoritesBaseUrl":"/api/anonymousfavorites"},"testgroups":["MENGENRABATTIERUNG","HIDE_REGULAR_PRICE"],"togglz":[]}</script><div class="bs_amount-handler bs_add2cart bs_amount-zero without-animation" data-is-initialized="true"><button class="basket-button bs_amount-minus basket_ripple" disabled=""></button><input type="number" pattern="[0-9]*" value="0" class="basket-input bs_amount-input" autocomplete="off"><button class="basket-button bs_amount-plus basket_ripple" aria-label="Artikel zum Warenkorb hinzufügen"></button></div></div><script type="text/javascript">
                    if (!window.ReweBasket) {
                        window.ReweBasket = {}
                    }
                </script><script type="text/javascript">
                    (function () {
                      var event = 'basket:addToBasketbuttonV2Render';
                      var customEvent;
                      var data = {};
                      if (typeof CustomEvent === 'function') {
                          customEvent = new CustomEvent(event, {detail: data});
                      } else {
                          customEvent = document.createEvent('CustomEvent');
                          customEvent.initCustomEvent(event, false, false, data);
                      }
                      document.dispatchEvent(customEvent);
                    })();
                </script></div></meso-data></div></div></div><div class="search-service-product Product_product__maAwA" aria-labelledby="8-53XUPWWW-d1d1e1d1-b919-4288-879f-a0361c836ff4-product-title"><div><input type="hidden" name="nan" value="195634"><input type="hidden" name="listingId" value="8-53XUPWWW-d1d1e1d1-b919-4288-879f-a0361c836ff4"></div><div class="search-service-productDetailsWrapper Product_productDetailsWrapper__bX_s8"><a class="search-service-productDetailsLink Product_productDetailsLink__hXXfb" href="/p/kiwi-gruen-1-stueck/195634"><div class="search-service-pictureWrapper ProductMediaWrapper_pictureWrapper__ZHKoX"><div class="search-service-productPicture ProductMediaWrapper_productPicture__OXMYf"><div class="search-service-rsProductsMedia ProductMedia_rsProductsMedia__TgDb_"><picture><source srcset="https://img.rewe-static.de/0195634/24569459_digital-image.png?resize=152px:152px&amp;output-quality=80&amp;output-format=webp&amp;im=BackgroundColor,color=fffff 152w, https://img.rewe-static.de/0195634/24569459_digital-image.png?resize=304px:304px&amp;output-quality=80&amp;output-format=webp&amp;im=BackgroundColor,color=fffff 304w, https://img.rewe-static.de/0195634/24569459_digital-image.png?resize=456px:456px&amp;output-quality=80&amp;output-format=webp&amp;im=BackgroundColor,color=fffff 456w, https://img.rewe-static.de/0195634/24569459_digital-image.png?resize=88px:88px&amp;output-quality=80&amp;output-format=webp&amp;im=BackgroundColor,color=fffff 88w, https://img.rewe-static.de/0195634/24569459_digital-image.png?resize=176px:176px&amp;output-quality=80&amp;output-format=webp&amp;im=BackgroundColor,color=fffff 176w, https://img.rewe-static.de/0195634/24569459_digital-image.png?resize=264px:264px&amp;output-quality=80&amp;output-format=webp&amp;im=BackgroundColor,color=fffff 264w" sizes="(min-width: 580px) 152px, 88px" type="image/webp"><source srcset="https://img.rewe-static.de/0195634/24569459_digital-image.png?resize=152px:152px&amp;output-quality=80&amp;output-format=jpeg2000&amp;im=BackgroundColor,color=fffff 152w, https://img.rewe-static.de/0195634/24569459_digital-image.png?resize=304px:304px&amp;output-quality=80&amp;output-format=jpeg2000&amp;im=BackgroundColor,color=fffff 304w, https://img.rewe-static.de/0195634/24569459_digital-image.png?resize=456px:456px&amp;output-quality=80&amp;output-format=jpeg2000&amp;im=BackgroundColor,color=fffff 456w, https://img.rewe-static.de/0195634/24569459_digital-image.png?resize=88px:88px&amp;output-quality=80&amp;output-format=jpeg2000&amp;im=BackgroundColor,color=fffff 88w, https://img.rewe-static.de/0195634/24569459_digital-image.png?resize=176px:176px&amp;output-quality=80&amp;output-format=jpeg2000&amp;im=BackgroundColor,color=fffff 176w, https://img.rewe-static.de/0195634/24569459_digital-image.png?resize=264px:264px&amp;output-quality=80&amp;output-format=jpeg2000&amp;im=BackgroundColor,color=fffff 264w" sizes="(min-width: 580px) 152px, 88px" type="image/jp2"><source srcset="https://img.rewe-static.de/0195634/24569459_digital-image.png?resize=152px:152px&amp;output-quality=80&amp;output-format=jpeg&amp;im=BackgroundColor,color=fffff 152w, https://img.rewe-static.de/0195634/24569459_digital-image.png?resize=304px:304px&amp;output-quality=80&amp;output-format=jpeg&amp;im=BackgroundColor,color=fffff 304w, https://img.rewe-static.de/0195634/24569459_digital-image.png?resize=456px:456px&amp;output-quality=80&amp;output-format=jpeg&amp;im=BackgroundColor,color=fffff 456w, https://img.rewe-static.de/0195634/24569459_digital-image.png?resize=88px:88px&amp;output-quality=80&amp;output-format=jpeg&amp;im=BackgroundColor,color=fffff 88w, https://img.rewe-static.de/0195634/24569459_digital-image.png?resize=176px:176px&amp;output-quality=80&amp;output-format=jpeg&amp;im=BackgroundColor,color=fffff 176w, https://img.rewe-static.de/0195634/24569459_digital-image.png?resize=264px:264px&amp;output-quality=80&amp;output-format=jpeg&amp;im=BackgroundColor,color=fffff 264w" sizes="(min-width: 580px) 152px, 88px"><img src="https://img.rewe-static.de/0195634/24569459_digital-image.png?resize=152px:152px&amp;output-quality=80&amp;output-format=jpeg&amp;im=BackgroundColor,color=fffff" alt="Kiwi grün 1 Stück" loading="lazy" width="152" height="152"></picture></div></div><div class="BadgesContainer_productBadges__mIOO1 search-service-productBadges"></div></div><div class="ProductDetailsWrapper_productDetails__7vI_z search-service-productDetails"><div class="ProductDetailsWrapper_partnerName__CqluS search-service-partnerName ProductDetailsWrapper_partnerNameEmpty__c5rTb search-service-partnerNameEmpty"></div><div class="ProductDetailsWrapper_productTitleWrapper__nJ1Fr search-service-productTitleWrapper"><h4 class="ProductDetailsWrapper_productTitle__XjgsA search-service-productTitle" id="8-53XUPWWW-d1d1e1d1-b919-4288-879f-a0361c836ff4-product-title"><div class="LinesEllipsis  ">Kiwi grün 1 Stück<wbr></div></h4></div><div class="ProductGrammage_productGrammage__fMOJr search-service-productGrammage"><div>1 Stück</div></div><div class="search-service-productDetailsFill ProductDetailsWrapper_productDetailsFill__TNboB"></div><div><div class="search-service-productPrice ProductPriceDisplay_productPrice__pqWxK">0,29 €</div></div></div></a></div><div class="search-service-basketButtons Product_basketButtons__SYAkC"><div class="search-service-ProductActions ProductActions_ProductActions__D_l5E"><meso-data data-listingid="8-53XUPWWW-d1d1e1d1-b919-4288-879f-a0361c836ff4" data-productid="195634" data-orderlimit="99" data-amount="1" data-context="product-list-navigation"><div class="search-service-addToCartHandlerWrapper Add2CartHandler_addToCartHandlerWrapper__bvELT"><div class="bs_add2cart_container"><div class="lrms-favorite-button-container"><div class="lrms-addToFavMesoContainer"><div class="lrms-addToFavWrapper"><button class="lrms-addToFavHeartButton" data-cy="favorites-button_8-53XUPWWW-d1d1e1d1-b919-4288-879f-a0361c836ff4"><img src="https://shop.rewe-static.de/rewe-myproducts/static-images/tab-icon-heart_v2_1.svg" alt="Zu Favoriten hinzufügen"></button></div></div></div><script type="application/json" class="favoritebutton-propstore">{"additionalUiData":{"assetBaseUrl":"https://shop.rewe-static.de/rewe-myproducts/1460f8b0a79573560094733389e74ebb95f3137b","staticAssetBaseUrl":"https://shop.rewe-static.de/rewe-myproducts","favoritesBaseUrl":"/api/favorites","anonymousFavoritesBaseUrl":"/api/anonymousfavorites"},"testgroups":["MENGENRABATTIERUNG","HIDE_REGULAR_PRICE"],"togglz":[]}</script><div class="bs_amount-handler bs_add2cart bs_amount-zero without-animation" data-is-initialized="true"><button class="basket-button bs_amount-minus basket_ripple" disabled=""></button><input type="number" pattern="[0-9]*" value="0" class="basket-input bs_amount-input" autocomplete="off"><button class="basket-button bs_amount-plus basket_ripple" aria-label="Artikel zum Warenkorb hinzufügen"></button></div></div><script type="text/javascript">
                    if (!window.ReweBasket) {
                        window.ReweBasket = {}
                    }
                </script><script type="text/javascript">
                    (function () {
                      var event = 'basket:addToBasketbuttonV2Render';
                      var customEvent;
                      var data = {};
                      if (typeof CustomEvent === 'function') {
                          customEvent = new CustomEvent(event, {detail: data});
                      } else {
                          customEvent = document.createEvent('CustomEvent');
                          customEvent.initCustomEvent(event, false, false, data);
                      }
                      document.dispatchEvent(customEvent);
                    })();
                </script></div></meso-data></div></div></div><div class="search-service-product Product_product__maAwA" aria-labelledby="8-22609786-d1d1e1d1-b919-4288-879f-a0361c836ff4-product-title"><div><input type="hidden" name="nan" value="1041139"><input type="hidden" name="listingId" value="8-22609786-d1d1e1d1-b919-4288-879f-a0361c836ff4"></div><div class="search-service-productDetailsWrapper Product_productDetailsWrapper__bX_s8"><a class="search-service-productDetailsLink Product_productDetailsLink__hXXfb" href="/p/knoblauch-200g-im-netz/1041139"><div class="search-service-pictureWrapper ProductMediaWrapper_pictureWrapper__ZHKoX"><div class="search-service-productPicture ProductMediaWrapper_productPicture__OXMYf"><div class="search-service-rsProductsMedia ProductMedia_rsProductsMedia__TgDb_"><picture><source srcset="https://img.rewe-static.de/1041139/21288186_digital-image.png?resize=152px:152px&amp;output-quality=80&amp;output-format=webp&amp;im=BackgroundColor,color=fffff 152w, https://img.rewe-static.de/1041139/21288186_digital-image.png?resize=304px:304px&amp;output-quality=80&amp;output-format=webp&amp;im=BackgroundColor,color=fffff 304w, https://img.rewe-static.de/1041139/21288186_digital-image.png?resize=456px:456px&amp;output-quality=80&amp;output-format=webp&amp;im=BackgroundColor,color=fffff 456w, https://img.rewe-static.de/1041139/21288186_digital-image.png?resize=88px:88px&amp;output-quality=80&amp;output-format=webp&amp;im=BackgroundColor,color=fffff 88w, https://img.rewe-static.de/1041139/21288186_digital-image.png?resize=176px:176px&amp;output-quality=80&amp;output-format=webp&amp;im=BackgroundColor,color=fffff 176w, https://img.rewe-static.de/1041139/21288186_digital-image.png?resize=264px:264px&amp;output-quality=80&amp;output-format=webp&amp;im=BackgroundColor,color=fffff 264w" sizes="(min-width: 580px) 152px, 88px" type="image/webp"><source srcset="https://img.rewe-static.de/1041139/21288186_digital-image.png?resize=152px:152px&amp;output-quality=80&amp;output-format=jpeg2000&amp;im=BackgroundColor,color=fffff 152w, https://img.rewe-static.de/1041139/21288186_digital-image.png?resize=304px:304px&amp;output-quality=80&amp;output-format=jpeg2000&amp;im=BackgroundColor,color=fffff 304w, https://img.rewe-static.de/1041139/21288186_digital-image.png?resize=456px:456px&amp;output-quality=80&amp;output-format=jpeg2000&amp;im=BackgroundColor,color=fffff 456w, https://img.rewe-static.de/1041139/21288186_digital-image.png?resize=88px:88px&amp;output-quality=80&amp;output-format=jpeg2000&amp;im=BackgroundColor,color=fffff 88w, https://img.rewe-static.de/1041139/21288186_digital-image.png?resize=176px:176px&amp;output-quality=80&amp;output-format=jpeg2000&amp;im=BackgroundColor,color=fffff 176w, https://img.rewe-static.de/1041139/21288186_digital-image.png?resize=264px:264px&amp;output-quality=80&amp;output-format=jpeg2000&amp;im=BackgroundColor,color=fffff 264w" sizes="(min-width: 580px) 152px, 88px" type="image/jp2"><source srcset="https://img.rewe-static.de/1041139/21288186_digital-image.png?resize=152px:152px&amp;output-quality=80&amp;output-format=jpeg&amp;im=BackgroundColor,color=fffff 152w, https://img.rewe-static.de/1041139/21288186_digital-image.png?resize=304px:304px&amp;output-quality=80&amp;output-format=jpeg&amp;im=BackgroundColor,color=fffff 304w, https://img.rewe-static.de/1041139/21288186_digital-image.png?resize=456px:456px&amp;output-quality=80&amp;output-format=jpeg&amp;im=BackgroundColor,color=fffff 456w, https://img.rewe-static.de/1041139/21288186_digital-image.png?resize=88px:88px&amp;output-quality=80&amp;output-format=jpeg&amp;im=BackgroundColor,color=fffff 88w, https://img.rewe-static.de/1041139/21288186_digital-image.png?resize=176px:176px&amp;output-quality=80&amp;output-format=jpeg&amp;im=BackgroundColor,color=fffff 176w, https://img.rewe-static.de/1041139/21288186_digital-image.png?resize=264px:264px&amp;output-quality=80&amp;output-format=jpeg&amp;im=BackgroundColor,color=fffff 264w" sizes="(min-width: 580px) 152px, 88px"><img src="https://img.rewe-static.de/1041139/21288186_digital-image.png?resize=152px:152px&amp;output-quality=80&amp;output-format=jpeg&amp;im=BackgroundColor,color=fffff" alt="Knoblauch 200g im Netz" loading="lazy" width="152" height="152"></picture></div></div><div class="BadgesContainer_productBadges__mIOO1 search-service-productBadges"></div></div><div class="ProductDetailsWrapper_productDetails__7vI_z search-service-productDetails"><div class="ProductDetailsWrapper_partnerName__CqluS search-service-partnerName ProductDetailsWrapper_partnerNameEmpty__c5rTb search-service-partnerNameEmpty"></div><div class="ProductDetailsWrapper_productTitleWrapper__nJ1Fr search-service-productTitleWrapper"><h4 class="ProductDetailsWrapper_productTitle__XjgsA search-service-productTitle" id="8-22609786-d1d1e1d1-b919-4288-879f-a0361c836ff4-product-title"><div class="LinesEllipsis  ">Knoblauch 200g im Netz<wbr></div></h4></div><div class="ProductGrammage_productGrammage__fMOJr search-service-productGrammage"><div>200g (1 kg = 6,45 €)</div></div><div class="search-service-productDetailsFill ProductDetailsWrapper_productDetailsFill__TNboB"></div><div><div class="search-service-productPrice ProductPriceDisplay_productPrice__pqWxK">1,29 €</div></div></div></a></div><div class="search-service-basketButtons Product_basketButtons__SYAkC"><div class="search-service-ProductActions ProductActions_ProductActions__D_l5E"><meso-data data-listingid="8-22609786-d1d1e1d1-b919-4288-879f-a0361c836ff4" data-productid="1041139" data-orderlimit="99" data-amount="1" data-context="product-list-navigation"><div class="search-service-addToCartHandlerWrapper Add2CartHandler_addToCartHandlerWrapper__bvELT"><div class="bs_add2cart_container"><div class="lrms-favorite-button-container"><div class="lrms-addToFavMesoContainer"><div class="lrms-addToFavWrapper"><button class="lrms-addToFavHeartButton" data-cy="favorites-button_8-22609786-d1d1e1d1-b919-4288-879f-a0361c836ff4"><img src="https://shop.rewe-static.de/rewe-myproducts/static-images/tab-icon-heart_v2_1.svg" alt="Zu Favoriten hinzufügen"></button></div></div></div><script type="application/json" class="favoritebutton-propstore">{"additionalUiData":{"assetBaseUrl":"https://shop.rewe-static.de/rewe-myproducts/1460f8b0a79573560094733389e74ebb95f3137b","staticAssetBaseUrl":"https://shop.rewe-static.de/rewe-myproducts","favoritesBaseUrl":"/api/favorites","anonymousFavoritesBaseUrl":"/api/anonymousfavorites"},"testgroups":["MENGENRABATTIERUNG","HIDE_REGULAR_PRICE"],"togglz":[]}</script><div class="bs_amount-handler bs_add2cart bs_amount-zero without-animation" data-is-initialized="true"><button class="basket-button bs_amount-minus basket_ripple" disabled=""></button><input type="number" pattern="[0-9]*" value="0" class="basket-input bs_amount-input" autocomplete="off"><button class="basket-button bs_amount-plus basket_ripple" aria-label="Artikel zum Warenkorb hinzufügen"></button></div></div><script type="text/javascript">
                    if (!window.ReweBasket) {
                        window.ReweBasket = {}
                    }
                </script><script type="text/javascript">
                    (function () {
                      var event = 'basket:addToBasketbuttonV2Render';
                      var customEvent;
                      var data = {};
                      if (typeof CustomEvent === 'function') {
                          customEvent = new CustomEvent(event, {detail: data});
                      } else {
                          customEvent = document.createEvent('CustomEvent');
                          customEvent.initCustomEvent(event, false, false, data);
                      }
                      document.dispatchEvent(customEvent);
                    })();
                </script></div></meso-data></div></div></div><div class="search-service-product Product_product__maAwA" aria-labelledby="8-20570316-d1d1e1d1-b919-4288-879f-a0361c836ff4-product-title"><div><input type="hidden" name="nan" value="570311"><input type="hidden" name="listingId" value="8-20570316-d1d1e1d1-b919-4288-879f-a0361c836ff4"></div><div class="search-service-productDetailsWrapper Product_productDetailsWrapper__bX_s8"><a class="search-service-productDetailsLink Product_productDetailsLink__hXXfb" href="/p/kohlrabi-1-stueck/570311"><div class="search-service-pictureWrapper ProductMediaWrapper_pictureWrapper__ZHKoX"><div class="search-service-productPicture ProductMediaWrapper_productPicture__OXMYf"><div class="search-service-rsProductsMedia ProductMedia_rsProductsMedia__TgDb_"><picture><source srcset="https://img.rewe-static.de/0570311/11327870_digital-image.png?resize=152px:152px&amp;output-quality=80&amp;output-format=webp&amp;im=BackgroundColor,color=fffff 152w, https://img.rewe-static.de/0570311/11327870_digital-image.png?resize=304px:304px&amp;output-quality=80&amp;output-format=webp&amp;im=BackgroundColor,color=fffff 304w, https://img.rewe-static.de/0570311/11327870_digital-image.png?resize=456px:456px&amp;output-quality=80&amp;output-format=webp&amp;im=BackgroundColor,color=fffff 456w, https://img.rewe-static.de/0570311/11327870_digital-image.png?resize=88px:88px&amp;output-quality=80&amp;output-format=webp&amp;im=BackgroundColor,color=fffff 88w, https://img.rewe-static.de/0570311/11327870_digital-image.png?resize=176px:176px&amp;output-quality=80&amp;output-format=webp&amp;im=BackgroundColor,color=fffff 176w, https://img.rewe-static.de/0570311/11327870_digital-image.png?resize=264px:264px&amp;output-quality=80&amp;output-format=webp&amp;im=BackgroundColor,color=fffff 264w" sizes="(min-width: 580px) 152px, 88px" type="image/webp"><source srcset="https://img.rewe-static.de/0570311/11327870_digital-image.png?resize=152px:152px&amp;output-quality=80&amp;output-format=jpeg2000&amp;im=BackgroundColor,color=fffff 152w, https://img.rewe-static.de/0570311/11327870_digital-image.png?resize=304px:304px&amp;output-quality=80&amp;output-format=jpeg2000&amp;im=BackgroundColor,color=fffff 304w, https://img.rewe-static.de/0570311/11327870_digital-image.png?resize=456px:456px&amp;output-quality=80&amp;output-format=jpeg2000&amp;im=BackgroundColor,color=fffff 456w, https://img.rewe-static.de/0570311/11327870_digital-image.png?resize=88px:88px&amp;output-quality=80&amp;output-format=jpeg2000&amp;im=BackgroundColor,color=fffff 88w, https://img.rewe-static.de/0570311/11327870_digital-image.png?resize=176px:176px&amp;output-quality=80&amp;output-format=jpeg2000&amp;im=BackgroundColor,color=fffff 176w, https://img.rewe-static.de/0570311/11327870_digital-image.png?resize=264px:264px&amp;output-quality=80&amp;output-format=jpeg2000&amp;im=BackgroundColor,color=fffff 264w" sizes="(min-width: 580px) 152px, 88px" type="image/jp2"><source srcset="https://img.rewe-static.de/0570311/11327870_digital-image.png?resize=152px:152px&amp;output-quality=80&amp;output-format=jpeg&amp;im=BackgroundColor,color=fffff 152w, https://img.rewe-static.de/0570311/11327870_digital-image.png?resize=304px:304px&amp;output-quality=80&amp;output-format=jpeg&amp;im=BackgroundColor,color=fffff 304w, https://img.rewe-static.de/0570311/11327870_digital-image.png?resize=456px:456px&amp;output-quality=80&amp;output-format=jpeg&amp;im=BackgroundColor,color=fffff 456w, https://img.rewe-static.de/0570311/11327870_digital-image.png?resize=88px:88px&amp;output-quality=80&amp;output-format=jpeg&amp;im=BackgroundColor,color=fffff 88w, https://img.rewe-static.de/0570311/11327870_digital-image.png?resize=176px:176px&amp;output-quality=80&amp;output-format=jpeg&amp;im=BackgroundColor,color=fffff 176w, https://img.rewe-static.de/0570311/11327870_digital-image.png?resize=264px:264px&amp;output-quality=80&amp;output-format=jpeg&amp;im=BackgroundColor,color=fffff 264w" sizes="(min-width: 580px) 152px, 88px"><img src="https://img.rewe-static.de/0570311/11327870_digital-image.png?resize=152px:152px&amp;output-quality=80&amp;output-format=jpeg&amp;im=BackgroundColor,color=fffff" alt="Kohlrabi 1 Stück" loading="lazy" width="152" height="152"></picture></div></div><div class="BadgesContainer_productBadges__mIOO1 search-service-productBadges"><div class="badge_style_badgeItem__vUyhV search-service-badgeItem badge_style_offerBadge__g2br1 search-service-offerBadge">%</div></div></div><div class="ProductDetailsWrapper_productDetails__7vI_z search-service-productDetails"><div class="ProductDetailsWrapper_partnerName__CqluS search-service-partnerName ProductDetailsWrapper_partnerNameEmpty__c5rTb search-service-partnerNameEmpty"></div><div class="ProductDetailsWrapper_productTitleWrapper__nJ1Fr search-service-productTitleWrapper"><h4 class="ProductDetailsWrapper_productTitle__XjgsA search-service-productTitle" id="8-20570316-d1d1e1d1-b919-4288-879f-a0361c836ff4-product-title"><div class="LinesEllipsis  ">Kohlrabi 1 Stück<wbr></div></h4></div><div class="ProductGrammage_productGrammage__fMOJr search-service-productGrammage"><div>1 Stück</div></div><div class="search-service-productDetailsFill ProductDetailsWrapper_productDetailsFill__TNboB"></div><div><div class="search-service-productOffer DiscountElements_productOffer__Oh1_0"><div class="search-service-productOfferFirstLine DiscountElements_productOfferFirstLine__s4lCO"><div class="search-service-productOfferDuration DiscountElements_productOfferDuration__gRZTl">bis <!-- -->15.10.2022</div></div><div class="search-service-productOfferSecondLine DiscountElements_productOfferSecondLine__7f_Wd"><div class="search-service-productOfferPrice DiscountElements_productOfferPrice__nOtuY">0,49 €</div></div></div></div></div></a></div><div class="search-service-basketButtons Product_basketButtons__SYAkC"><div class="search-service-ProductActions ProductActions_ProductActions__D_l5E"><meso-data data-listingid="8-20570316-d1d1e1d1-b919-4288-879f-a0361c836ff4" data-productid="570311" data-orderlimit="15" data-amount="1" data-context="product-list-navigation"><div class="search-service-addToCartHandlerWrapper Add2CartHandler_addToCartHandlerWrapper__bvELT"><div class="bs_add2cart_container"><div class="lrms-favorite-button-container"><div class="lrms-addToFavMesoContainer"><div class="lrms-addToFavWrapper"><button class="lrms-addToFavHeartButton" data-cy="favorites-button_8-20570316-d1d1e1d1-b919-4288-879f-a0361c836ff4"><img src="https://shop.rewe-static.de/rewe-myproducts/static-images/tab-icon-heart_v2_1.svg" alt="Zu Favoriten hinzufügen"></button></div></div></div><script type="application/json" class="favoritebutton-propstore">{"additionalUiData":{"assetBaseUrl":"https://shop.rewe-static.de/rewe-myproducts/1460f8b0a79573560094733389e74ebb95f3137b","staticAssetBaseUrl":"https://shop.rewe-static.de/rewe-myproducts","favoritesBaseUrl":"/api/favorites","anonymousFavoritesBaseUrl":"/api/anonymousfavorites"},"testgroups":["MENGENRABATTIERUNG","HIDE_REGULAR_PRICE"],"togglz":[]}</script><div class="bs_amount-handler bs_add2cart bs_amount-zero without-animation" data-is-initialized="true"><button class="basket-button bs_amount-minus basket_ripple" disabled=""></button><input type="number" pattern="[0-9]*" value="0" class="basket-input bs_amount-input" autocomplete="off"><button class="basket-button bs_amount-plus basket_ripple" aria-label="Artikel zum Warenkorb hinzufügen"></button></div></div><script type="text/javascript">
                    if (!window.ReweBasket) {
                        window.ReweBasket = {}
                    }
                </script><script type="text/javascript">
                    (function () {
                      var event = 'basket:addToBasketbuttonV2Render';
                      var customEvent;
                      var data = {};
                      if (typeof CustomEvent === 'function') {
                          customEvent = new CustomEvent(event, {detail: data});
                      } else {
                          customEvent = document.createEvent('CustomEvent');
                          customEvent.initCustomEvent(event, false, false, data);
                      }
                      document.dispatchEvent(customEvent);
                    })();
                </script></div></meso-data></div></div></div><div class="search-service-product Product_product__maAwA" aria-labelledby="8-20482404-d1d1e1d1-b919-4288-879f-a0361c836ff4-product-title"><div><input type="hidden" name="nan" value="482404"><input type="hidden" name="listingId" value="8-20482404-d1d1e1d1-b919-4288-879f-a0361c836ff4"></div><div class="search-service-productDetailsWrapper Product_productDetailsWrapper__bX_s8"><a class="search-service-productDetailsLink Product_productDetailsLink__hXXfb" href="/p/lauchzwiebeln-im-bund/482404"><div class="search-service-pictureWrapper ProductMediaWrapper_pictureWrapper__ZHKoX"><div class="search-service-productPicture ProductMediaWrapper_productPicture__OXMYf"><div class="search-service-rsProductsMedia ProductMedia_rsProductsMedia__TgDb_"><picture><source srcset="https://img.rewe-static.de/0482404/7360070_digital-image.png?resize=152px:152px&amp;output-quality=80&amp;output-format=webp&amp;im=BackgroundColor,color=fffff 152w, https://img.rewe-static.de/0482404/7360070_digital-image.png?resize=304px:304px&amp;output-quality=80&amp;output-format=webp&amp;im=BackgroundColor,color=fffff 304w, https://img.rewe-static.de/0482404/7360070_digital-image.png?resize=456px:456px&amp;output-quality=80&amp;output-format=webp&amp;im=BackgroundColor,color=fffff 456w, https://img.rewe-static.de/0482404/7360070_digital-image.png?resize=88px:88px&amp;output-quality=80&amp;output-format=webp&amp;im=BackgroundColor,color=fffff 88w, https://img.rewe-static.de/0482404/7360070_digital-image.png?resize=176px:176px&amp;output-quality=80&amp;output-format=webp&amp;im=BackgroundColor,color=fffff 176w, https://img.rewe-static.de/0482404/7360070_digital-image.png?resize=264px:264px&amp;output-quality=80&amp;output-format=webp&amp;im=BackgroundColor,color=fffff 264w" sizes="(min-width: 580px) 152px, 88px" type="image/webp"><source srcset="https://img.rewe-static.de/0482404/7360070_digital-image.png?resize=152px:152px&amp;output-quality=80&amp;output-format=jpeg2000&amp;im=BackgroundColor,color=fffff 152w, https://img.rewe-static.de/0482404/7360070_digital-image.png?resize=304px:304px&amp;output-quality=80&amp;output-format=jpeg2000&amp;im=BackgroundColor,color=fffff 304w, https://img.rewe-static.de/0482404/7360070_digital-image.png?resize=456px:456px&amp;output-quality=80&amp;output-format=jpeg2000&amp;im=BackgroundColor,color=fffff 456w, https://img.rewe-static.de/0482404/7360070_digital-image.png?resize=88px:88px&amp;output-quality=80&amp;output-format=jpeg2000&amp;im=BackgroundColor,color=fffff 88w, https://img.rewe-static.de/0482404/7360070_digital-image.png?resize=176px:176px&amp;output-quality=80&amp;output-format=jpeg2000&amp;im=BackgroundColor,color=fffff 176w, https://img.rewe-static.de/0482404/7360070_digital-image.png?resize=264px:264px&amp;output-quality=80&amp;output-format=jpeg2000&amp;im=BackgroundColor,color=fffff 264w" sizes="(min-width: 580px) 152px, 88px" type="image/jp2"><source srcset="https://img.rewe-static.de/0482404/7360070_digital-image.png?resize=152px:152px&amp;output-quality=80&amp;output-format=jpeg&amp;im=BackgroundColor,color=fffff 152w, https://img.rewe-static.de/0482404/7360070_digital-image.png?resize=304px:304px&amp;output-quality=80&amp;output-format=jpeg&amp;im=BackgroundColor,color=fffff 304w, https://img.rewe-static.de/0482404/7360070_digital-image.png?resize=456px:456px&amp;output-quality=80&amp;output-format=jpeg&amp;im=BackgroundColor,color=fffff 456w, https://img.rewe-static.de/0482404/7360070_digital-image.png?resize=88px:88px&amp;output-quality=80&amp;output-format=jpeg&amp;im=BackgroundColor,color=fffff 88w, https://img.rewe-static.de/0482404/7360070_digital-image.png?resize=176px:176px&amp;output-quality=80&amp;output-format=jpeg&amp;im=BackgroundColor,color=fffff 176w, https://img.rewe-static.de/0482404/7360070_digital-image.png?resize=264px:264px&amp;output-quality=80&amp;output-format=jpeg&amp;im=BackgroundColor,color=fffff 264w" sizes="(min-width: 580px) 152px, 88px"><img src="https://img.rewe-static.de/0482404/7360070_digital-image.png?resize=152px:152px&amp;output-quality=80&amp;output-format=jpeg&amp;im=BackgroundColor,color=fffff" alt="Lauchzwiebeln im Bund" loading="lazy" width="152" height="152"></picture></div></div><div class="BadgesContainer_productBadges__mIOO1 search-service-productBadges"></div></div><div class="ProductDetailsWrapper_productDetails__7vI_z search-service-productDetails"><div class="ProductDetailsWrapper_partnerName__CqluS search-service-partnerName ProductDetailsWrapper_partnerNameEmpty__c5rTb search-service-partnerNameEmpty"></div><div class="ProductDetailsWrapper_productTitleWrapper__nJ1Fr search-service-productTitleWrapper"><h4 class="ProductDetailsWrapper_productTitle__XjgsA search-service-productTitle" id="8-20482404-d1d1e1d1-b919-4288-879f-a0361c836ff4-product-title"><div class="LinesEllipsis  ">Lauchzwiebeln im Bund<wbr></div></h4></div><div class="ProductGrammage_productGrammage__fMOJr search-service-productGrammage"><div>1 Stück</div></div><div class="search-service-productDetailsFill ProductDetailsWrapper_productDetailsFill__TNboB"></div><div><div class="search-service-productPrice ProductPriceDisplay_productPrice__pqWxK">0,79 €</div></div></div></a></div><div class="search-service-basketButtons Product_basketButtons__SYAkC"><div class="search-service-ProductActions ProductActions_ProductActions__D_l5E"><meso-data data-listingid="8-20482404-d1d1e1d1-b919-4288-879f-a0361c836ff4" data-productid="482404" data-orderlimit="99" data-amount="1" data-context="product-list-navigation"><div class="search-service-addToCartHandlerWrapper Add2CartHandler_addToCartHandlerWrapper__bvELT"><div class="bs_add2cart_container"><div class="lrms-favorite-button-container"><div class="lrms-addToFavMesoContainer"><div class="lrms-addToFavWrapper"><button class="lrms-addToFavHeartButton" data-cy="favorites-button_8-20482404-d1d1e1d1-b919-4288-879f-a0361c836ff4"><img src="https://shop.rewe-static.de/rewe-myproducts/static-images/tab-icon-heart_v2_1.svg" alt="Zu Favoriten hinzufügen"></button></div></div></div><script type="application/json" class="favoritebutton-propstore">{"additionalUiData":{"assetBaseUrl":"https://shop.rewe-static.de/rewe-myproducts/1460f8b0a79573560094733389e74ebb95f3137b","staticAssetBaseUrl":"https://shop.rewe-static.de/rewe-myproducts","favoritesBaseUrl":"/api/favorites","anonymousFavoritesBaseUrl":"/api/anonymousfavorites"},"testgroups":["MENGENRABATTIERUNG","HIDE_REGULAR_PRICE"],"togglz":[]}</script><div class="bs_amount-handler bs_add2cart bs_amount-zero without-animation" data-is-initialized="true"><button class="basket-button bs_amount-minus basket_ripple" disabled=""></button><input type="number" pattern="[0-9]*" value="0" class="basket-input bs_amount-input" autocomplete="off"><button class="basket-button bs_amount-plus basket_ripple" aria-label="Artikel zum Warenkorb hinzufügen"></button></div></div><script type="text/javascript">
                    if (!window.ReweBasket) {
                        window.ReweBasket = {}
                    }
                </script><script type="text/javascript">
                    (function () {
                      var event = 'basket:addToBasketbuttonV2Render';
                      var customEvent;
                      var data = {};
                      if (typeof CustomEvent === 'function') {
                          customEvent = new CustomEvent(event, {detail: data});
                      } else {
                          customEvent = document.createEvent('CustomEvent');
                          customEvent.initCustomEvent(event, false, false, data);
                      }
                      document.dispatchEvent(customEvent);
                    })();
                </script></div></meso-data></div></div></div><div class="search-service-product Product_product__maAwA" aria-labelledby="8-5ESJSXGF-d1d1e1d1-b919-4288-879f-a0361c836ff4-product-title"><div><input type="hidden" name="nan" value="25267"><input type="hidden" name="listingId" value="8-5ESJSXGF-d1d1e1d1-b919-4288-879f-a0361c836ff4"></div><div class="search-service-productDetailsWrapper Product_productDetailsWrapper__bX_s8"><a class="search-service-productDetailsLink Product_productDetailsLink__hXXfb" href="/p/mango-essreif-1-stueck/25267"><div class="search-service-pictureWrapper ProductMediaWrapper_pictureWrapper__ZHKoX"><div class="search-service-productPicture ProductMediaWrapper_productPicture__OXMYf"><div class="search-service-rsProductsMedia ProductMedia_rsProductsMedia__TgDb_"><picture><source srcset="https://img.rewe-static.de/0025267/24569609_digital-image.png?resize=152px:152px&amp;output-quality=80&amp;output-format=webp&amp;im=BackgroundColor,color=fffff 152w, https://img.rewe-static.de/0025267/24569609_digital-image.png?resize=304px:304px&amp;output-quality=80&amp;output-format=webp&amp;im=BackgroundColor,color=fffff 304w, https://img.rewe-static.de/0025267/24569609_digital-image.png?resize=456px:456px&amp;output-quality=80&amp;output-format=webp&amp;im=BackgroundColor,color=fffff 456w, https://img.rewe-static.de/0025267/24569609_digital-image.png?resize=88px:88px&amp;output-quality=80&amp;output-format=webp&amp;im=BackgroundColor,color=fffff 88w, https://img.rewe-static.de/0025267/24569609_digital-image.png?resize=176px:176px&amp;output-quality=80&amp;output-format=webp&amp;im=BackgroundColor,color=fffff 176w, https://img.rewe-static.de/0025267/24569609_digital-image.png?resize=264px:264px&amp;output-quality=80&amp;output-format=webp&amp;im=BackgroundColor,color=fffff 264w" sizes="(min-width: 580px) 152px, 88px" type="image/webp"><source srcset="https://img.rewe-static.de/0025267/24569609_digital-image.png?resize=152px:152px&amp;output-quality=80&amp;output-format=jpeg2000&amp;im=BackgroundColor,color=fffff 152w, https://img.rewe-static.de/0025267/24569609_digital-image.png?resize=304px:304px&amp;output-quality=80&amp;output-format=jpeg2000&amp;im=BackgroundColor,color=fffff 304w, https://img.rewe-static.de/0025267/24569609_digital-image.png?resize=456px:456px&amp;output-quality=80&amp;output-format=jpeg2000&amp;im=BackgroundColor,color=fffff 456w, https://img.rewe-static.de/0025267/24569609_digital-image.png?resize=88px:88px&amp;output-quality=80&amp;output-format=jpeg2000&amp;im=BackgroundColor,color=fffff 88w, https://img.rewe-static.de/0025267/24569609_digital-image.png?resize=176px:176px&amp;output-quality=80&amp;output-format=jpeg2000&amp;im=BackgroundColor,color=fffff 176w, https://img.rewe-static.de/0025267/24569609_digital-image.png?resize=264px:264px&amp;output-quality=80&amp;output-format=jpeg2000&amp;im=BackgroundColor,color=fffff 264w" sizes="(min-width: 580px) 152px, 88px" type="image/jp2"><source srcset="https://img.rewe-static.de/0025267/24569609_digital-image.png?resize=152px:152px&amp;output-quality=80&amp;output-format=jpeg&amp;im=BackgroundColor,color=fffff 152w, https://img.rewe-static.de/0025267/24569609_digital-image.png?resize=304px:304px&amp;output-quality=80&amp;output-format=jpeg&amp;im=BackgroundColor,color=fffff 304w, https://img.rewe-static.de/0025267/24569609_digital-image.png?resize=456px:456px&amp;output-quality=80&amp;output-format=jpeg&amp;im=BackgroundColor,color=fffff 456w, https://img.rewe-static.de/0025267/24569609_digital-image.png?resize=88px:88px&amp;output-quality=80&amp;output-format=jpeg&amp;im=BackgroundColor,color=fffff 88w, https://img.rewe-static.de/0025267/24569609_digital-image.png?resize=176px:176px&amp;output-quality=80&amp;output-format=jpeg&amp;im=BackgroundColor,color=fffff 176w, https://img.rewe-static.de/0025267/24569609_digital-image.png?resize=264px:264px&amp;output-quality=80&amp;output-format=jpeg&amp;im=BackgroundColor,color=fffff 264w" sizes="(min-width: 580px) 152px, 88px"><img src="https://img.rewe-static.de/0025267/24569609_digital-image.png?resize=152px:152px&amp;output-quality=80&amp;output-format=jpeg&amp;im=BackgroundColor,color=fffff" alt="Mango essreif 1 Stück" loading="lazy" width="152" height="152"></picture></div></div><div class="BadgesContainer_productBadges__mIOO1 search-service-productBadges"></div></div><div class="ProductDetailsWrapper_productDetails__7vI_z search-service-productDetails"><div class="ProductDetailsWrapper_partnerName__CqluS search-service-partnerName ProductDetailsWrapper_partnerNameEmpty__c5rTb search-service-partnerNameEmpty"></div><div class="ProductDetailsWrapper_productTitleWrapper__nJ1Fr search-service-productTitleWrapper"><h4 class="ProductDetailsWrapper_productTitle__XjgsA search-service-productTitle" id="8-5ESJSXGF-d1d1e1d1-b919-4288-879f-a0361c836ff4-product-title"><div class="LinesEllipsis  ">Mango essreif 1 Stück<wbr></div></h4></div><div class="ProductGrammage_productGrammage__fMOJr search-service-productGrammage"><div>1 Stück</div></div><div class="search-service-productDetailsFill ProductDetailsWrapper_productDetailsFill__TNboB"></div><div><div class="search-service-productPrice ProductPriceDisplay_productPrice__pqWxK">2,29 €</div></div></div></a></div><div class="search-service-basketButtons Product_basketButtons__SYAkC"><div class="search-service-ProductActions ProductActions_ProductActions__D_l5E"><meso-data data-listingid="8-5ESJSXGF-d1d1e1d1-b919-4288-879f-a0361c836ff4" data-productid="25267" data-orderlimit="99" data-amount="1" data-context="product-list-navigation"><div class="search-service-addToCartHandlerWrapper Add2CartHandler_addToCartHandlerWrapper__bvELT"><div class="bs_add2cart_container"><div class="lrms-favorite-button-container"><div class="lrms-addToFavMesoContainer"><div class="lrms-addToFavWrapper"><button class="lrms-addToFavHeartButton" data-cy="favorites-button_8-5ESJSXGF-d1d1e1d1-b919-4288-879f-a0361c836ff4"><img src="https://shop.rewe-static.de/rewe-myproducts/static-images/tab-icon-heart_v2_1.svg" alt="Zu Favoriten hinzufügen"></button></div></div></div><script type="application/json" class="favoritebutton-propstore">{"additionalUiData":{"assetBaseUrl":"https://shop.rewe-static.de/rewe-myproducts/1460f8b0a79573560094733389e74ebb95f3137b","staticAssetBaseUrl":"https://shop.rewe-static.de/rewe-myproducts","favoritesBaseUrl":"/api/favorites","anonymousFavoritesBaseUrl":"/api/anonymousfavorites"},"testgroups":["MENGENRABATTIERUNG","HIDE_REGULAR_PRICE"],"togglz":[]}</script><div class="bs_amount-handler bs_add2cart bs_amount-zero without-animation" data-is-initialized="true"><button class="basket-button bs_amount-minus basket_ripple" disabled=""></button><input type="number" pattern="[0-9]*" value="0" class="basket-input bs_amount-input" autocomplete="off"><button class="basket-button bs_amount-plus basket_ripple" aria-label="Artikel zum Warenkorb hinzufügen"></button></div></div><script type="text/javascript">
                    if (!window.ReweBasket) {
                        window.ReweBasket = {}
                    }
                </script><script type="text/javascript">
                    (function () {
                      var event = 'basket:addToBasketbuttonV2Render';
                      var customEvent;
                      var data = {};
                      if (typeof CustomEvent === 'function') {
                          customEvent = new CustomEvent(event, {detail: data});
                      } else {
                          customEvent = document.createEvent('CustomEvent');
                          customEvent.initCustomEvent(event, false, false, data);
                      }
                      document.dispatchEvent(customEvent);
                    })();
                </script></div></meso-data></div></div></div><div class="search-service-product Product_product__maAwA" aria-labelledby="13-8430543023891-d1d1e1d1-b919-4288-879f-a0361c836ff4-product-title"><div><input type="hidden" name="nan" value="3029089"><input type="hidden" name="listingId" value="13-8430543023891-d1d1e1d1-b919-4288-879f-a0361c836ff4"></div><div class="search-service-productDetailsWrapper Product_productDetailsWrapper__bX_s8"><a class="search-service-productDetailsLink Product_productDetailsLink__hXXfb" href="/p/naschtomaten-400g-eimer/3029089"><div class="search-service-pictureWrapper ProductMediaWrapper_pictureWrapper__ZHKoX"><div class="search-service-productPicture ProductMediaWrapper_productPicture__OXMYf"><div class="search-service-rsProductsMedia ProductMedia_rsProductsMedia__TgDb_"><picture><source srcset="https://img.rewe-static.de/3029089/31264808_digital-image.png?resize=152px:152px&amp;output-quality=80&amp;output-format=webp&amp;im=BackgroundColor,color=fffff 152w, https://img.rewe-static.de/3029089/31264808_digital-image.png?resize=304px:304px&amp;output-quality=80&amp;output-format=webp&amp;im=BackgroundColor,color=fffff 304w, https://img.rewe-static.de/3029089/31264808_digital-image.png?resize=456px:456px&amp;output-quality=80&amp;output-format=webp&amp;im=BackgroundColor,color=fffff 456w, https://img.rewe-static.de/3029089/31264808_digital-image.png?resize=88px:88px&amp;output-quality=80&amp;output-format=webp&amp;im=BackgroundColor,color=fffff 88w, https://img.rewe-static.de/3029089/31264808_digital-image.png?resize=176px:176px&amp;output-quality=80&amp;output-format=webp&amp;im=BackgroundColor,color=fffff 176w, https://img.rewe-static.de/3029089/31264808_digital-image.png?resize=264px:264px&amp;output-quality=80&amp;output-format=webp&amp;im=BackgroundColor,color=fffff 264w" sizes="(min-width: 580px) 152px, 88px" type="image/webp"><source srcset="https://img.rewe-static.de/3029089/31264808_digital-image.png?resize=152px:152px&amp;output-quality=80&amp;output-format=jpeg2000&amp;im=BackgroundColor,color=fffff 152w, https://img.rewe-static.de/3029089/31264808_digital-image.png?resize=304px:304px&amp;output-quality=80&amp;output-format=jpeg2000&amp;im=BackgroundColor,color=fffff 304w, https://img.rewe-static.de/3029089/31264808_digital-image.png?resize=456px:456px&amp;output-quality=80&amp;output-format=jpeg2000&amp;im=BackgroundColor,color=fffff 456w, https://img.rewe-static.de/3029089/31264808_digital-image.png?resize=88px:88px&amp;output-quality=80&amp;output-format=jpeg2000&amp;im=BackgroundColor,color=fffff 88w, https://img.rewe-static.de/3029089/31264808_digital-image.png?resize=176px:176px&amp;output-quality=80&amp;output-format=jpeg2000&amp;im=BackgroundColor,color=fffff 176w, https://img.rewe-static.de/3029089/31264808_digital-image.png?resize=264px:264px&amp;output-quality=80&amp;output-format=jpeg2000&amp;im=BackgroundColor,color=fffff 264w" sizes="(min-width: 580px) 152px, 88px" type="image/jp2"><source srcset="https://img.rewe-static.de/3029089/31264808_digital-image.png?resize=152px:152px&amp;output-quality=80&amp;output-format=jpeg&amp;im=BackgroundColor,color=fffff 152w, https://img.rewe-static.de/3029089/31264808_digital-image.png?resize=304px:304px&amp;output-quality=80&amp;output-format=jpeg&amp;im=BackgroundColor,color=fffff 304w, https://img.rewe-static.de/3029089/31264808_digital-image.png?resize=456px:456px&amp;output-quality=80&amp;output-format=jpeg&amp;im=BackgroundColor,color=fffff 456w, https://img.rewe-static.de/3029089/31264808_digital-image.png?resize=88px:88px&amp;output-quality=80&amp;output-format=jpeg&amp;im=BackgroundColor,color=fffff 88w, https://img.rewe-static.de/3029089/31264808_digital-image.png?resize=176px:176px&amp;output-quality=80&amp;output-format=jpeg&amp;im=BackgroundColor,color=fffff 176w, https://img.rewe-static.de/3029089/31264808_digital-image.png?resize=264px:264px&amp;output-quality=80&amp;output-format=jpeg&amp;im=BackgroundColor,color=fffff 264w" sizes="(min-width: 580px) 152px, 88px"><img src="https://img.rewe-static.de/3029089/31264808_digital-image.png?resize=152px:152px&amp;output-quality=80&amp;output-format=jpeg&amp;im=BackgroundColor,color=fffff" alt="Naschtomaten 400g Eimer" loading="lazy" width="152" height="152"></picture></div></div><div class="BadgesContainer_productBadges__mIOO1 search-service-productBadges"></div></div><div class="ProductDetailsWrapper_productDetails__7vI_z search-service-productDetails"><div class="ProductDetailsWrapper_partnerName__CqluS search-service-partnerName ProductDetailsWrapper_partnerNameEmpty__c5rTb search-service-partnerNameEmpty"></div><div class="ProductDetailsWrapper_productTitleWrapper__nJ1Fr search-service-productTitleWrapper"><h4 class="ProductDetailsWrapper_productTitle__XjgsA search-service-productTitle" id="13-8430543023891-d1d1e1d1-b919-4288-879f-a0361c836ff4-product-title"><div class="LinesEllipsis  ">Naschtomaten 400g Eimer<wbr></div></h4></div><div class="ProductGrammage_productGrammage__fMOJr search-service-productGrammage"><div>1 Stück</div></div><div class="search-service-productDetailsFill ProductDetailsWrapper_productDetailsFill__TNboB"></div><div><div class="search-service-productPrice ProductPriceDisplay_productPrice__pqWxK">3,49 €</div></div></div></a></div><div class="search-service-basketButtons Product_basketButtons__SYAkC"><div class="search-service-ProductActions ProductActions_ProductActions__D_l5E"><meso-data data-listingid="13-8430543023891-d1d1e1d1-b919-4288-879f-a0361c836ff4" data-productid="3029089" data-orderlimit="99" data-amount="1" data-context="product-list-navigation"><div class="search-service-addToCartHandlerWrapper Add2CartHandler_addToCartHandlerWrapper__bvELT"><div class="bs_add2cart_container"><div class="lrms-favorite-button-container"><div class="lrms-addToFavMesoContainer"><div class="lrms-addToFavWrapper"><button class="lrms-addToFavHeartButton" data-cy="favorites-button_13-8430543023891-d1d1e1d1-b919-4288-879f-a0361c836ff4"><img src="https://shop.rewe-static.de/rewe-myproducts/static-images/tab-icon-heart_v2_1.svg" alt="Zu Favoriten hinzufügen"></button></div></div></div><script type="application/json" class="favoritebutton-propstore">{"additionalUiData":{"assetBaseUrl":"https://shop.rewe-static.de/rewe-myproducts/1460f8b0a79573560094733389e74ebb95f3137b","staticAssetBaseUrl":"https://shop.rewe-static.de/rewe-myproducts","favoritesBaseUrl":"/api/favorites","anonymousFavoritesBaseUrl":"/api/anonymousfavorites"},"testgroups":["MENGENRABATTIERUNG","HIDE_REGULAR_PRICE"],"togglz":[]}</script><div class="bs_amount-handler bs_add2cart bs_amount-zero without-animation" data-is-initialized="true"><button class="basket-button bs_amount-minus basket_ripple" disabled=""></button><input type="number" pattern="[0-9]*" value="0" class="basket-input bs_amount-input" autocomplete="off"><button class="basket-button bs_amount-plus basket_ripple" aria-label="Artikel zum Warenkorb hinzufügen"></button></div></div><script type="text/javascript">
                    if (!window.ReweBasket) {
                        window.ReweBasket = {}
                    }
                </script><script type="text/javascript">
                    (function () {
                      var event = 'basket:addToBasketbuttonV2Render';
                      var customEvent;
                      var data = {};
                      if (typeof CustomEvent === 'function') {
                          customEvent = new CustomEvent(event, {detail: data});
                      } else {
                          customEvent = document.createEvent('CustomEvent');
                          customEvent.initCustomEvent(event, false, false, data);
                      }
                      document.dispatchEvent(customEvent);
                    })();
                </script></div></meso-data></div></div></div><div class="search-service-product Product_product__maAwA" aria-labelledby="8-22634412-d1d1e1d1-b919-4288-879f-a0361c836ff4-product-title"><div><input type="hidden" name="nan" value="1057955"><input type="hidden" name="listingId" value="8-22634412-d1d1e1d1-b919-4288-879f-a0361c836ff4"></div><div class="search-service-productDetailsWrapper Product_productDetailsWrapper__bX_s8"><a class="search-service-productDetailsLink Product_productDetailsLink__hXXfb" href="/p/orangen-1-5kg-im-netz/1057955"><div class="search-service-pictureWrapper ProductMediaWrapper_pictureWrapper__ZHKoX"><div class="search-service-productPicture ProductMediaWrapper_productPicture__OXMYf"><div class="search-service-rsProductsMedia ProductMedia_rsProductsMedia__TgDb_"><picture><source srcset="https://img.rewe-static.de/1057955/31583416_digital-image.png?resize=152px:152px&amp;output-quality=80&amp;output-format=webp&amp;im=BackgroundColor,color=fffff 152w, https://img.rewe-static.de/1057955/31583416_digital-image.png?resize=304px:304px&amp;output-quality=80&amp;output-format=webp&amp;im=BackgroundColor,color=fffff 304w, https://img.rewe-static.de/1057955/31583416_digital-image.png?resize=456px:456px&amp;output-quality=80&amp;output-format=webp&amp;im=BackgroundColor,color=fffff 456w, https://img.rewe-static.de/1057955/31583416_digital-image.png?resize=88px:88px&amp;output-quality=80&amp;output-format=webp&amp;im=BackgroundColor,color=fffff 88w, https://img.rewe-static.de/1057955/31583416_digital-image.png?resize=176px:176px&amp;output-quality=80&amp;output-format=webp&amp;im=BackgroundColor,color=fffff 176w, https://img.rewe-static.de/1057955/31583416_digital-image.png?resize=264px:264px&amp;output-quality=80&amp;output-format=webp&amp;im=BackgroundColor,color=fffff 264w" sizes="(min-width: 580px) 152px, 88px" type="image/webp"><source srcset="https://img.rewe-static.de/1057955/31583416_digital-image.png?resize=152px:152px&amp;output-quality=80&amp;output-format=jpeg2000&amp;im=BackgroundColor,color=fffff 152w, https://img.rewe-static.de/1057955/31583416_digital-image.png?resize=304px:304px&amp;output-quality=80&amp;output-format=jpeg2000&amp;im=BackgroundColor,color=fffff 304w, https://img.rewe-static.de/1057955/31583416_digital-image.png?resize=456px:456px&amp;output-quality=80&amp;output-format=jpeg2000&amp;im=BackgroundColor,color=fffff 456w, https://img.rewe-static.de/1057955/31583416_digital-image.png?resize=88px:88px&amp;output-quality=80&amp;output-format=jpeg2000&amp;im=BackgroundColor,color=fffff 88w, https://img.rewe-static.de/1057955/31583416_digital-image.png?resize=176px:176px&amp;output-quality=80&amp;output-format=jpeg2000&amp;im=BackgroundColor,color=fffff 176w, https://img.rewe-static.de/1057955/31583416_digital-image.png?resize=264px:264px&amp;output-quality=80&amp;output-format=jpeg2000&amp;im=BackgroundColor,color=fffff 264w" sizes="(min-width: 580px) 152px, 88px" type="image/jp2"><source srcset="https://img.rewe-static.de/1057955/31583416_digital-image.png?resize=152px:152px&amp;output-quality=80&amp;output-format=jpeg&amp;im=BackgroundColor,color=fffff 152w, https://img.rewe-static.de/1057955/31583416_digital-image.png?resize=304px:304px&amp;output-quality=80&amp;output-format=jpeg&amp;im=BackgroundColor,color=fffff 304w, https://img.rewe-static.de/1057955/31583416_digital-image.png?resize=456px:456px&amp;output-quality=80&amp;output-format=jpeg&amp;im=BackgroundColor,color=fffff 456w, https://img.rewe-static.de/1057955/31583416_digital-image.png?resize=88px:88px&amp;output-quality=80&amp;output-format=jpeg&amp;im=BackgroundColor,color=fffff 88w, https://img.rewe-static.de/1057955/31583416_digital-image.png?resize=176px:176px&amp;output-quality=80&amp;output-format=jpeg&amp;im=BackgroundColor,color=fffff 176w, https://img.rewe-static.de/1057955/31583416_digital-image.png?resize=264px:264px&amp;output-quality=80&amp;output-format=jpeg&amp;im=BackgroundColor,color=fffff 264w" sizes="(min-width: 580px) 152px, 88px"><img src="https://img.rewe-static.de/1057955/31583416_digital-image.png?resize=152px:152px&amp;output-quality=80&amp;output-format=jpeg&amp;im=BackgroundColor,color=fffff" alt="Orangen 1,5kg im Netz" loading="lazy" width="152" height="152"></picture></div></div><div class="BadgesContainer_productBadges__mIOO1 search-service-productBadges"></div></div><div class="ProductDetailsWrapper_productDetails__7vI_z search-service-productDetails"><div class="ProductDetailsWrapper_partnerName__CqluS search-service-partnerName ProductDetailsWrapper_partnerNameEmpty__c5rTb search-service-partnerNameEmpty"></div><div class="ProductDetailsWrapper_productTitleWrapper__nJ1Fr search-service-productTitleWrapper"><h4 class="ProductDetailsWrapper_productTitle__XjgsA search-service-productTitle" id="8-22634412-d1d1e1d1-b919-4288-879f-a0361c836ff4-product-title"><div class="LinesEllipsis  ">Orangen 1,5kg im Netz<wbr></div></h4></div><div class="ProductGrammage_productGrammage__fMOJr search-service-productGrammage"><div>1,50kg (1 kg = 1,99 €)</div></div><div class="search-service-productDetailsFill ProductDetailsWrapper_productDetailsFill__TNboB"></div><div><div class="search-service-productPrice ProductPriceDisplay_productPrice__pqWxK">2,99 €</div></div></div></a></div><div class="search-service-basketButtons Product_basketButtons__SYAkC"><div class="search-service-ProductActions ProductActions_ProductActions__D_l5E"><meso-data data-listingid="8-22634412-d1d1e1d1-b919-4288-879f-a0361c836ff4" data-productid="1057955" data-orderlimit="99" data-amount="1" data-context="product-list-navigation"><div class="search-service-addToCartHandlerWrapper Add2CartHandler_addToCartHandlerWrapper__bvELT"><div class="bs_add2cart_container"><div class="lrms-favorite-button-container"><div class="lrms-addToFavMesoContainer"><div class="lrms-addToFavWrapper"><button class="lrms-addToFavHeartButton" data-cy="favorites-button_8-22634412-d1d1e1d1-b919-4288-879f-a0361c836ff4"><img src="https://shop.rewe-static.de/rewe-myproducts/static-images/tab-icon-heart_v2_1.svg" alt="Zu Favoriten hinzufügen"></button></div></div></div><script type="application/json" class="favoritebutton-propstore">{"additionalUiData":{"assetBaseUrl":"https://shop.rewe-static.de/rewe-myproducts/1460f8b0a79573560094733389e74ebb95f3137b","staticAssetBaseUrl":"https://shop.rewe-static.de/rewe-myproducts","favoritesBaseUrl":"/api/favorites","anonymousFavoritesBaseUrl":"/api/anonymousfavorites"},"testgroups":["MENGENRABATTIERUNG","HIDE_REGULAR_PRICE"],"togglz":[]}</script><div class="bs_amount-handler bs_add2cart bs_amount-zero without-animation" data-is-initialized="true"><button class="basket-button bs_amount-minus basket_ripple" disabled=""></button><input type="number" pattern="[0-9]*" value="0" class="basket-input bs_amount-input" autocomplete="off"><button class="basket-button bs_amount-plus basket_ripple" aria-label="Artikel zum Warenkorb hinzufügen"></button></div></div><script type="text/javascript">
                    if (!window.ReweBasket) {
                        window.ReweBasket = {}
                    }
                </script><script type="text/javascript">
                    (function () {
                      var event = 'basket:addToBasketbuttonV2Render';
                      var customEvent;
                      var data = {};
                      if (typeof CustomEvent === 'function') {
                          customEvent = new CustomEvent(event, {detail: data});
                      } else {
                          customEvent = document.createEvent('CustomEvent');
                          customEvent.initCustomEvent(event, false, false, data);
                      }
                      document.dispatchEvent(customEvent);
                    })();
                </script></div></meso-data></div></div></div><div class="search-service-product Product_product__maAwA" aria-labelledby="13-4251079302199-d1d1e1d1-b919-4288-879f-a0361c836ff4-product-title"><div><input type="hidden" name="nan" value="1040657"><input type="hidden" name="listingId" value="13-4251079302199-d1d1e1d1-b919-4288-879f-a0361c836ff4"></div><div class="search-service-productDetailsWrapper Product_productDetailsWrapper__bX_s8"><a class="search-service-productDetailsLink Product_productDetailsLink__hXXfb" href="/p/paprika-mix-500g/1040657"><div class="search-service-pictureWrapper ProductMediaWrapper_pictureWrapper__ZHKoX"><div class="search-service-productPicture ProductMediaWrapper_productPicture__OXMYf"><div class="search-service-rsProductsMedia ProductMedia_rsProductsMedia__TgDb_"><picture><source srcset="https://img.rewe-static.de/1040657/21506875_digital-image.png?resize=152px:152px&amp;output-quality=80&amp;output-format=webp&amp;im=BackgroundColor,color=fffff 152w, https://img.rewe-static.de/1040657/21506875_digital-image.png?resize=304px:304px&amp;output-quality=80&amp;output-format=webp&amp;im=BackgroundColor,color=fffff 304w, https://img.rewe-static.de/1040657/21506875_digital-image.png?resize=456px:456px&amp;output-quality=80&amp;output-format=webp&amp;im=BackgroundColor,color=fffff 456w, https://img.rewe-static.de/1040657/21506875_digital-image.png?resize=88px:88px&amp;output-quality=80&amp;output-format=webp&amp;im=BackgroundColor,color=fffff 88w, https://img.rewe-static.de/1040657/21506875_digital-image.png?resize=176px:176px&amp;output-quality=80&amp;output-format=webp&amp;im=BackgroundColor,color=fffff 176w, https://img.rewe-static.de/1040657/21506875_digital-image.png?resize=264px:264px&amp;output-quality=80&amp;output-format=webp&amp;im=BackgroundColor,color=fffff 264w" sizes="(min-width: 580px) 152px, 88px" type="image/webp"><source srcset="https://img.rewe-static.de/1040657/21506875_digital-image.png?resize=152px:152px&amp;output-quality=80&amp;output-format=jpeg2000&amp;im=BackgroundColor,color=fffff 152w, https://img.rewe-static.de/1040657/21506875_digital-image.png?resize=304px:304px&amp;output-quality=80&amp;output-format=jpeg2000&amp;im=BackgroundColor,color=fffff 304w, https://img.rewe-static.de/1040657/21506875_digital-image.png?resize=456px:456px&amp;output-quality=80&amp;output-format=jpeg2000&amp;im=BackgroundColor,color=fffff 456w, https://img.rewe-static.de/1040657/21506875_digital-image.png?resize=88px:88px&amp;output-quality=80&amp;output-format=jpeg2000&amp;im=BackgroundColor,color=fffff 88w, https://img.rewe-static.de/1040657/21506875_digital-image.png?resize=176px:176px&amp;output-quality=80&amp;output-format=jpeg2000&amp;im=BackgroundColor,color=fffff 176w, https://img.rewe-static.de/1040657/21506875_digital-image.png?resize=264px:264px&amp;output-quality=80&amp;output-format=jpeg2000&amp;im=BackgroundColor,color=fffff 264w" sizes="(min-width: 580px) 152px, 88px" type="image/jp2"><source srcset="https://img.rewe-static.de/1040657/21506875_digital-image.png?resize=152px:152px&amp;output-quality=80&amp;output-format=jpeg&amp;im=BackgroundColor,color=fffff 152w, https://img.rewe-static.de/1040657/21506875_digital-image.png?resize=304px:304px&amp;output-quality=80&amp;output-format=jpeg&amp;im=BackgroundColor,color=fffff 304w, https://img.rewe-static.de/1040657/21506875_digital-image.png?resize=456px:456px&amp;output-quality=80&amp;output-format=jpeg&amp;im=BackgroundColor,color=fffff 456w, https://img.rewe-static.de/1040657/21506875_digital-image.png?resize=88px:88px&amp;output-quality=80&amp;output-format=jpeg&amp;im=BackgroundColor,color=fffff 88w, https://img.rewe-static.de/1040657/21506875_digital-image.png?resize=176px:176px&amp;output-quality=80&amp;output-format=jpeg&amp;im=BackgroundColor,color=fffff 176w, https://img.rewe-static.de/1040657/21506875_digital-image.png?resize=264px:264px&amp;output-quality=80&amp;output-format=jpeg&amp;im=BackgroundColor,color=fffff 264w" sizes="(min-width: 580px) 152px, 88px"><img src="https://img.rewe-static.de/1040657/21506875_digital-image.png?resize=152px:152px&amp;output-quality=80&amp;output-format=jpeg&amp;im=BackgroundColor,color=fffff" alt="Paprika Mix 500g" loading="lazy" width="152" height="152"></picture></div></div><div class="BadgesContainer_productBadges__mIOO1 search-service-productBadges"></div></div><div class="ProductDetailsWrapper_productDetails__7vI_z search-service-productDetails"><div class="ProductDetailsWrapper_partnerName__CqluS search-service-partnerName ProductDetailsWrapper_partnerNameEmpty__c5rTb search-service-partnerNameEmpty"></div><div class="ProductDetailsWrapper_productTitleWrapper__nJ1Fr search-service-productTitleWrapper"><h4 class="ProductDetailsWrapper_productTitle__XjgsA search-service-productTitle" id="13-4251079302199-d1d1e1d1-b919-4288-879f-a0361c836ff4-product-title"><div class="LinesEllipsis  ">Paprika Mix 500g<wbr></div></h4></div><div class="ProductGrammage_productGrammage__fMOJr search-service-productGrammage"><div>500g (1 kg = 5,18 €)</div></div><div class="search-service-productDetailsFill ProductDetailsWrapper_productDetailsFill__TNboB"></div><div><div class="search-service-productPrice ProductPriceDisplay_productPrice__pqWxK">2,59 €</div></div></div></a></div><div class="search-service-basketButtons Product_basketButtons__SYAkC"><div class="search-service-ProductActions ProductActions_ProductActions__D_l5E"><meso-data data-listingid="13-4251079302199-d1d1e1d1-b919-4288-879f-a0361c836ff4" data-productid="1040657" data-orderlimit="99" data-amount="1" data-context="product-list-navigation"><div class="search-service-addToCartHandlerWrapper Add2CartHandler_addToCartHandlerWrapper__bvELT"><div class="bs_add2cart_container"><div class="lrms-favorite-button-container"><div class="lrms-addToFavMesoContainer"><div class="lrms-addToFavWrapper"><button class="lrms-addToFavHeartButton" data-cy="favorites-button_13-4251079302199-d1d1e1d1-b919-4288-879f-a0361c836ff4"><img src="https://shop.rewe-static.de/rewe-myproducts/static-images/tab-icon-heart_v2_1.svg" alt="Zu Favoriten hinzufügen"></button></div></div></div><script type="application/json" class="favoritebutton-propstore">{"additionalUiData":{"assetBaseUrl":"https://shop.rewe-static.de/rewe-myproducts/1460f8b0a79573560094733389e74ebb95f3137b","staticAssetBaseUrl":"https://shop.rewe-static.de/rewe-myproducts","favoritesBaseUrl":"/api/favorites","anonymousFavoritesBaseUrl":"/api/anonymousfavorites"},"testgroups":["MENGENRABATTIERUNG","HIDE_REGULAR_PRICE"],"togglz":[]}</script><div class="bs_amount-handler bs_add2cart bs_amount-zero without-animation" data-is-initialized="true"><button class="basket-button bs_amount-minus basket_ripple" disabled=""></button><input type="number" pattern="[0-9]*" value="0" class="basket-input bs_amount-input" autocomplete="off"><button class="basket-button bs_amount-plus basket_ripple" aria-label="Artikel zum Warenkorb hinzufügen"></button></div></div><script type="text/javascript">
                    if (!window.ReweBasket) {
                        window.ReweBasket = {}
                    }
                </script><script type="text/javascript">
                    (function () {
                      var event = 'basket:addToBasketbuttonV2Render';
                      var customEvent;
                      var data = {};
                      if (typeof CustomEvent === 'function') {
                          customEvent = new CustomEvent(event, {detail: data});
                      } else {
                          customEvent = document.createEvent('CustomEvent');
                          customEvent.initCustomEvent(event, false, false, data);
                      }
                      document.dispatchEvent(customEvent);
                    })();
                </script></div></meso-data></div></div></div><div class="search-service-product Product_product__maAwA" aria-labelledby="13-7445906486443-d1d1e1d1-b919-4288-879f-a0361c836ff4-product-title"><div><input type="hidden" name="nan" value="1902921"><input type="hidden" name="listingId" value="13-7445906486443-d1d1e1d1-b919-4288-879f-a0361c836ff4"></div><div class="search-service-productDetailsWrapper Product_productDetailsWrapper__bX_s8"><a class="search-service-productDetailsLink Product_productDetailsLink__hXXfb" href="/p/paprika-rot-500g/1902921"><div class="search-service-pictureWrapper ProductMediaWrapper_pictureWrapper__ZHKoX"><div class="search-service-productPicture ProductMediaWrapper_productPicture__OXMYf"><div class="search-service-rsProductsMedia ProductMedia_rsProductsMedia__TgDb_"><picture><source srcset="https://img.rewe-static.de/1902921/23275435_digital-image.png?resize=152px:152px&amp;output-quality=80&amp;output-format=webp&amp;im=BackgroundColor,color=fffff 152w, https://img.rewe-static.de/1902921/23275435_digital-image.png?resize=304px:304px&amp;output-quality=80&amp;output-format=webp&amp;im=BackgroundColor,color=fffff 304w, https://img.rewe-static.de/1902921/23275435_digital-image.png?resize=456px:456px&amp;output-quality=80&amp;output-format=webp&amp;im=BackgroundColor,color=fffff 456w, https://img.rewe-static.de/1902921/23275435_digital-image.png?resize=88px:88px&amp;output-quality=80&amp;output-format=webp&amp;im=BackgroundColor,color=fffff 88w, https://img.rewe-static.de/1902921/23275435_digital-image.png?resize=176px:176px&amp;output-quality=80&amp;output-format=webp&amp;im=BackgroundColor,color=fffff 176w, https://img.rewe-static.de/1902921/23275435_digital-image.png?resize=264px:264px&amp;output-quality=80&amp;output-format=webp&amp;im=BackgroundColor,color=fffff 264w" sizes="(min-width: 580px) 152px, 88px" type="image/webp"><source srcset="https://img.rewe-static.de/1902921/23275435_digital-image.png?resize=152px:152px&amp;output-quality=80&amp;output-format=jpeg2000&amp;im=BackgroundColor,color=fffff 152w, https://img.rewe-static.de/1902921/23275435_digital-image.png?resize=304px:304px&amp;output-quality=80&amp;output-format=jpeg2000&amp;im=BackgroundColor,color=fffff 304w, https://img.rewe-static.de/1902921/23275435_digital-image.png?resize=456px:456px&amp;output-quality=80&amp;output-format=jpeg2000&amp;im=BackgroundColor,color=fffff 456w, https://img.rewe-static.de/1902921/23275435_digital-image.png?resize=88px:88px&amp;output-quality=80&amp;output-format=jpeg2000&amp;im=BackgroundColor,color=fffff 88w, https://img.rewe-static.de/1902921/23275435_digital-image.png?resize=176px:176px&amp;output-quality=80&amp;output-format=jpeg2000&amp;im=BackgroundColor,color=fffff 176w, https://img.rewe-static.de/1902921/23275435_digital-image.png?resize=264px:264px&amp;output-quality=80&amp;output-format=jpeg2000&amp;im=BackgroundColor,color=fffff 264w" sizes="(min-width: 580px) 152px, 88px" type="image/jp2"><source srcset="https://img.rewe-static.de/1902921/23275435_digital-image.png?resize=152px:152px&amp;output-quality=80&amp;output-format=jpeg&amp;im=BackgroundColor,color=fffff 152w, https://img.rewe-static.de/1902921/23275435_digital-image.png?resize=304px:304px&amp;output-quality=80&amp;output-format=jpeg&amp;im=BackgroundColor,color=fffff 304w, https://img.rewe-static.de/1902921/23275435_digital-image.png?resize=456px:456px&amp;output-quality=80&amp;output-format=jpeg&amp;im=BackgroundColor,color=fffff 456w, https://img.rewe-static.de/1902921/23275435_digital-image.png?resize=88px:88px&amp;output-quality=80&amp;output-format=jpeg&amp;im=BackgroundColor,color=fffff 88w, https://img.rewe-static.de/1902921/23275435_digital-image.png?resize=176px:176px&amp;output-quality=80&amp;output-format=jpeg&amp;im=BackgroundColor,color=fffff 176w, https://img.rewe-static.de/1902921/23275435_digital-image.png?resize=264px:264px&amp;output-quality=80&amp;output-format=jpeg&amp;im=BackgroundColor,color=fffff 264w" sizes="(min-width: 580px) 152px, 88px"><img src="https://img.rewe-static.de/1902921/23275435_digital-image.png?resize=152px:152px&amp;output-quality=80&amp;output-format=jpeg&amp;im=BackgroundColor,color=fffff" alt="Paprika rot 500g" loading="lazy" width="152" height="152"></picture></div></div><div class="BadgesContainer_productBadges__mIOO1 search-service-productBadges"></div></div><div class="ProductDetailsWrapper_productDetails__7vI_z search-service-productDetails"><div class="ProductDetailsWrapper_partnerName__CqluS search-service-partnerName ProductDetailsWrapper_partnerNameEmpty__c5rTb search-service-partnerNameEmpty"></div><div class="ProductDetailsWrapper_productTitleWrapper__nJ1Fr search-service-productTitleWrapper"><h4 class="ProductDetailsWrapper_productTitle__XjgsA search-service-productTitle" id="13-7445906486443-d1d1e1d1-b919-4288-879f-a0361c836ff4-product-title"><div class="LinesEllipsis  ">Paprika rot 500g<wbr></div></h4></div><div class="ProductGrammage_productGrammage__fMOJr search-service-productGrammage"><div>500g (1 kg = 3,70 €)</div></div><div class="search-service-productDetailsFill ProductDetailsWrapper_productDetailsFill__TNboB"></div><div><div class="search-service-productPrice ProductPriceDisplay_productPrice__pqWxK">1,85 €</div></div></div></a></div><div class="search-service-basketButtons Product_basketButtons__SYAkC"><div class="search-service-ProductActions ProductActions_ProductActions__D_l5E"><meso-data data-listingid="13-7445906486443-d1d1e1d1-b919-4288-879f-a0361c836ff4" data-productid="1902921" data-orderlimit="99" data-amount="1" data-context="product-list-navigation"><div class="search-service-addToCartHandlerWrapper Add2CartHandler_addToCartHandlerWrapper__bvELT"><div class="bs_add2cart_container"><div class="lrms-favorite-button-container"><div class="lrms-addToFavMesoContainer"><div class="lrms-addToFavWrapper"><button class="lrms-addToFavHeartButton" data-cy="favorites-button_13-7445906486443-d1d1e1d1-b919-4288-879f-a0361c836ff4"><img src="https://shop.rewe-static.de/rewe-myproducts/static-images/tab-icon-heart_v2_1.svg" alt="Zu Favoriten hinzufügen"></button></div></div></div><script type="application/json" class="favoritebutton-propstore">{"additionalUiData":{"assetBaseUrl":"https://shop.rewe-static.de/rewe-myproducts/1460f8b0a79573560094733389e74ebb95f3137b","staticAssetBaseUrl":"https://shop.rewe-static.de/rewe-myproducts","favoritesBaseUrl":"/api/favorites","anonymousFavoritesBaseUrl":"/api/anonymousfavorites"},"testgroups":["MENGENRABATTIERUNG","HIDE_REGULAR_PRICE"],"togglz":[]}</script><div class="bs_amount-handler bs_add2cart bs_amount-zero without-animation" data-is-initialized="true"><button class="basket-button bs_amount-minus basket_ripple" disabled=""></button><input type="number" pattern="[0-9]*" value="0" class="basket-input bs_amount-input" autocomplete="off"><button class="basket-button bs_amount-plus basket_ripple" aria-label="Artikel zum Warenkorb hinzufügen"></button></div></div><script type="text/javascript">
                    if (!window.ReweBasket) {
                        window.ReweBasket = {}
                    }
                </script><script type="text/javascript">
                    (function () {
                      var event = 'basket:addToBasketbuttonV2Render';
                      var customEvent;
                      var data = {};
                      if (typeof CustomEvent === 'function') {
                          customEvent = new CustomEvent(event, {detail: data});
                      } else {
                          customEvent = document.createEvent('CustomEvent');
                          customEvent.initCustomEvent(event, false, false, data);
                      }
                      document.dispatchEvent(customEvent);
                    })();
                </script></div></meso-data></div></div></div><div class="search-service-product Product_product__maAwA" aria-labelledby="8-20483555-d1d1e1d1-b919-4288-879f-a0361c836ff4-product-title"><div><input type="hidden" name="nan" value="483559"><input type="hidden" name="listingId" value="8-20483555-d1d1e1d1-b919-4288-879f-a0361c836ff4"></div><div class="search-service-productDetailsWrapper Product_productDetailsWrapper__bX_s8"><a class="search-service-productDetailsLink Product_productDetailsLink__hXXfb" href="/p/paprika-rot-ca-250g/483559"><div class="search-service-pictureWrapper ProductMediaWrapper_pictureWrapper__ZHKoX"><div class="search-service-productPicture ProductMediaWrapper_productPicture__OXMYf"><div class="search-service-rsProductsMedia ProductMedia_rsProductsMedia__TgDb_"><picture><source srcset="https://img.rewe-static.de/0483559/24570151_digital-image.png?resize=152px:152px&amp;output-quality=80&amp;output-format=webp&amp;im=BackgroundColor,color=fffff 152w, https://img.rewe-static.de/0483559/24570151_digital-image.png?resize=304px:304px&amp;output-quality=80&amp;output-format=webp&amp;im=BackgroundColor,color=fffff 304w, https://img.rewe-static.de/0483559/24570151_digital-image.png?resize=456px:456px&amp;output-quality=80&amp;output-format=webp&amp;im=BackgroundColor,color=fffff 456w, https://img.rewe-static.de/0483559/24570151_digital-image.png?resize=88px:88px&amp;output-quality=80&amp;output-format=webp&amp;im=BackgroundColor,color=fffff 88w, https://img.rewe-static.de/0483559/24570151_digital-image.png?resize=176px:176px&amp;output-quality=80&amp;output-format=webp&amp;im=BackgroundColor,color=fffff 176w, https://img.rewe-static.de/0483559/24570151_digital-image.png?resize=264px:264px&amp;output-quality=80&amp;output-format=webp&amp;im=BackgroundColor,color=fffff 264w" sizes="(min-width: 580px) 152px, 88px" type="image/webp"><source srcset="https://img.rewe-static.de/0483559/24570151_digital-image.png?resize=152px:152px&amp;output-quality=80&amp;output-format=jpeg2000&amp;im=BackgroundColor,color=fffff 152w, https://img.rewe-static.de/0483559/24570151_digital-image.png?resize=304px:304px&amp;output-quality=80&amp;output-format=jpeg2000&amp;im=BackgroundColor,color=fffff 304w, https://img.rewe-static.de/0483559/24570151_digital-image.png?resize=456px:456px&amp;output-quality=80&amp;output-format=jpeg2000&amp;im=BackgroundColor,color=fffff 456w, https://img.rewe-static.de/0483559/24570151_digital-image.png?resize=88px:88px&amp;output-quality=80&amp;output-format=jpeg2000&amp;im=BackgroundColor,color=fffff 88w, https://img.rewe-static.de/0483559/24570151_digital-image.png?resize=176px:176px&amp;output-quality=80&amp;output-format=jpeg2000&amp;im=BackgroundColor,color=fffff 176w, https://img.rewe-static.de/0483559/24570151_digital-image.png?resize=264px:264px&amp;output-quality=80&amp;output-format=jpeg2000&amp;im=BackgroundColor,color=fffff 264w" sizes="(min-width: 580px) 152px, 88px" type="image/jp2"><source srcset="https://img.rewe-static.de/0483559/24570151_digital-image.png?resize=152px:152px&amp;output-quality=80&amp;output-format=jpeg&amp;im=BackgroundColor,color=fffff 152w, https://img.rewe-static.de/0483559/24570151_digital-image.png?resize=304px:304px&amp;output-quality=80&amp;output-format=jpeg&amp;im=BackgroundColor,color=fffff 304w, https://img.rewe-static.de/0483559/24570151_digital-image.png?resize=456px:456px&amp;output-quality=80&amp;output-format=jpeg&amp;im=BackgroundColor,color=fffff 456w, https://img.rewe-static.de/0483559/24570151_digital-image.png?resize=88px:88px&amp;output-quality=80&amp;output-format=jpeg&amp;im=BackgroundColor,color=fffff 88w, https://img.rewe-static.de/0483559/24570151_digital-image.png?resize=176px:176px&amp;output-quality=80&amp;output-format=jpeg&amp;im=BackgroundColor,color=fffff 176w, https://img.rewe-static.de/0483559/24570151_digital-image.png?resize=264px:264px&amp;output-quality=80&amp;output-format=jpeg&amp;im=BackgroundColor,color=fffff 264w" sizes="(min-width: 580px) 152px, 88px"><img src="https://img.rewe-static.de/0483559/24570151_digital-image.png?resize=152px:152px&amp;output-quality=80&amp;output-format=jpeg&amp;im=BackgroundColor,color=fffff" alt="Paprika rot ca. 250g" loading="lazy" width="152" height="152"></picture></div></div><div class="BadgesContainer_productBadges__mIOO1 search-service-productBadges"></div></div><div class="ProductDetailsWrapper_productDetails__7vI_z search-service-productDetails"><div class="ProductDetailsWrapper_partnerName__CqluS search-service-partnerName ProductDetailsWrapper_partnerNameEmpty__c5rTb search-service-partnerNameEmpty"></div><div class="ProductDetailsWrapper_productTitleWrapper__nJ1Fr search-service-productTitleWrapper"><h4 class="ProductDetailsWrapper_productTitle__XjgsA search-service-productTitle" id="8-20483555-d1d1e1d1-b919-4288-879f-a0361c836ff4-product-title"><div class="LinesEllipsis  ">Paprika rot ca. 250g<wbr></div></h4></div><div class="ProductGrammage_productGrammage__fMOJr search-service-productGrammage"><div>1 Stück ca. 250 g (1 kg = 4,99 €)</div></div><div class="search-service-productDetailsFill ProductDetailsWrapper_productDetailsFill__TNboB"></div><div><div class="search-service-productPrice ProductPriceDisplay_productPrice__pqWxK">1,25 €</div></div></div></a></div><div class="search-service-basketButtons Product_basketButtons__SYAkC"><div class="search-service-ProductActions ProductActions_ProductActions__D_l5E"><meso-data data-listingid="8-20483555-d1d1e1d1-b919-4288-879f-a0361c836ff4" data-productid="483559" data-orderlimit="99" data-amount="1" data-context="product-list-navigation"><div class="search-service-addToCartHandlerWrapper Add2CartHandler_addToCartHandlerWrapper__bvELT"><div class="bs_add2cart_container"><div class="lrms-favorite-button-container"><div class="lrms-addToFavMesoContainer"><div class="lrms-addToFavWrapper"><button class="lrms-addToFavHeartButton" data-cy="favorites-button_8-20483555-d1d1e1d1-b919-4288-879f-a0361c836ff4"><img src="https://shop.rewe-static.de/rewe-myproducts/static-images/tab-icon-heart_v2_1.svg" alt="Zu Favoriten hinzufügen"></button></div></div></div><script type="application/json" class="favoritebutton-propstore">{"additionalUiData":{"assetBaseUrl":"https://shop.rewe-static.de/rewe-myproducts/1460f8b0a79573560094733389e74ebb95f3137b","staticAssetBaseUrl":"https://shop.rewe-static.de/rewe-myproducts","favoritesBaseUrl":"/api/favorites","anonymousFavoritesBaseUrl":"/api/anonymousfavorites"},"testgroups":["MENGENRABATTIERUNG","HIDE_REGULAR_PRICE"],"togglz":[]}</script><div class="bs_amount-handler bs_add2cart bs_amount-zero without-animation" data-is-initialized="true"><button class="basket-button bs_amount-minus basket_ripple" disabled=""></button><input type="number" pattern="[0-9]*" value="0" class="basket-input bs_amount-input" autocomplete="off"><button class="basket-button bs_amount-plus basket_ripple" aria-label="Artikel zum Warenkorb hinzufügen"></button></div></div><script type="text/javascript">
                    if (!window.ReweBasket) {
                        window.ReweBasket = {}
                    }
                </script><script type="text/javascript">
                    (function () {
                      var event = 'basket:addToBasketbuttonV2Render';
                      var customEvent;
                      var data = {};
                      if (typeof CustomEvent === 'function') {
                          customEvent = new CustomEvent(event, {detail: data});
                      } else {
                          customEvent = document.createEvent('CustomEvent');
                          customEvent.initCustomEvent(event, false, false, data);
                      }
                      document.dispatchEvent(customEvent);
                    })();
                </script></div></meso-data></div></div></div><div class="search-service-product Product_product__maAwA" aria-labelledby="8-28311843-d1d1e1d1-b919-4288-879f-a0361c836ff4-product-title"><div><input type="hidden" name="nan" value="8311846"><input type="hidden" name="listingId" value="8-28311843-d1d1e1d1-b919-4288-879f-a0361c836ff4"></div><div class="search-service-productDetailsWrapper Product_productDetailsWrapper__bX_s8"><a class="search-service-productDetailsLink Product_productDetailsLink__hXXfb" href="/p/porree-1-stueck/8311846"><div class="search-service-pictureWrapper ProductMediaWrapper_pictureWrapper__ZHKoX"><div class="search-service-productPicture ProductMediaWrapper_productPicture__OXMYf"><div class="search-service-rsProductsMedia ProductMedia_rsProductsMedia__TgDb_"><picture><source srcset="https://img.rewe-static.de/8311846/7360610_digital-image.png?resize=152px:152px&amp;output-quality=80&amp;output-format=webp&amp;im=BackgroundColor,color=fffff 152w, https://img.rewe-static.de/8311846/7360610_digital-image.png?resize=304px:304px&amp;output-quality=80&amp;output-format=webp&amp;im=BackgroundColor,color=fffff 304w, https://img.rewe-static.de/8311846/7360610_digital-image.png?resize=456px:456px&amp;output-quality=80&amp;output-format=webp&amp;im=BackgroundColor,color=fffff 456w, https://img.rewe-static.de/8311846/7360610_digital-image.png?resize=88px:88px&amp;output-quality=80&amp;output-format=webp&amp;im=BackgroundColor,color=fffff 88w, https://img.rewe-static.de/8311846/7360610_digital-image.png?resize=176px:176px&amp;output-quality=80&amp;output-format=webp&amp;im=BackgroundColor,color=fffff 176w, https://img.rewe-static.de/8311846/7360610_digital-image.png?resize=264px:264px&amp;output-quality=80&amp;output-format=webp&amp;im=BackgroundColor,color=fffff 264w" sizes="(min-width: 580px) 152px, 88px" type="image/webp"><source srcset="https://img.rewe-static.de/8311846/7360610_digital-image.png?resize=152px:152px&amp;output-quality=80&amp;output-format=jpeg2000&amp;im=BackgroundColor,color=fffff 152w, https://img.rewe-static.de/8311846/7360610_digital-image.png?resize=304px:304px&amp;output-quality=80&amp;output-format=jpeg2000&amp;im=BackgroundColor,color=fffff 304w, https://img.rewe-static.de/8311846/7360610_digital-image.png?resize=456px:456px&amp;output-quality=80&amp;output-format=jpeg2000&amp;im=BackgroundColor,color=fffff 456w, https://img.rewe-static.de/8311846/7360610_digital-image.png?resize=88px:88px&amp;output-quality=80&amp;output-format=jpeg2000&amp;im=BackgroundColor,color=fffff 88w, https://img.rewe-static.de/8311846/7360610_digital-image.png?resize=176px:176px&amp;output-quality=80&amp;output-format=jpeg2000&amp;im=BackgroundColor,color=fffff 176w, https://img.rewe-static.de/8311846/7360610_digital-image.png?resize=264px:264px&amp;output-quality=80&amp;output-format=jpeg2000&amp;im=BackgroundColor,color=fffff 264w" sizes="(min-width: 580px) 152px, 88px" type="image/jp2"><source srcset="https://img.rewe-static.de/8311846/7360610_digital-image.png?resize=152px:152px&amp;output-quality=80&amp;output-format=jpeg&amp;im=BackgroundColor,color=fffff 152w, https://img.rewe-static.de/8311846/7360610_digital-image.png?resize=304px:304px&amp;output-quality=80&amp;output-format=jpeg&amp;im=BackgroundColor,color=fffff 304w, https://img.rewe-static.de/8311846/7360610_digital-image.png?resize=456px:456px&amp;output-quality=80&amp;output-format=jpeg&amp;im=BackgroundColor,color=fffff 456w, https://img.rewe-static.de/8311846/7360610_digital-image.png?resize=88px:88px&amp;output-quality=80&amp;output-format=jpeg&amp;im=BackgroundColor,color=fffff 88w, https://img.rewe-static.de/8311846/7360610_digital-image.png?resize=176px:176px&amp;output-quality=80&amp;output-format=jpeg&amp;im=BackgroundColor,color=fffff 176w, https://img.rewe-static.de/8311846/7360610_digital-image.png?resize=264px:264px&amp;output-quality=80&amp;output-format=jpeg&amp;im=BackgroundColor,color=fffff 264w" sizes="(min-width: 580px) 152px, 88px"><img src="https://img.rewe-static.de/8311846/7360610_digital-image.png?resize=152px:152px&amp;output-quality=80&amp;output-format=jpeg&amp;im=BackgroundColor,color=fffff" alt="Porree 1 Stück" loading="lazy" width="152" height="152"></picture></div></div><div class="BadgesContainer_productBadges__mIOO1 search-service-productBadges"><div class="badge_style_badgeItem__vUyhV search-service-badgeItem badge_style_offerBadge__g2br1 search-service-offerBadge">%</div></div></div><div class="ProductDetailsWrapper_productDetails__7vI_z search-service-productDetails"><div class="ProductDetailsWrapper_partnerName__CqluS search-service-partnerName ProductDetailsWrapper_partnerNameEmpty__c5rTb search-service-partnerNameEmpty"></div><div class="ProductDetailsWrapper_productTitleWrapper__nJ1Fr search-service-productTitleWrapper"><h4 class="ProductDetailsWrapper_productTitle__XjgsA search-service-productTitle" id="8-28311843-d1d1e1d1-b919-4288-879f-a0361c836ff4-product-title"><div class="LinesEllipsis  ">Porree 1 Stück<wbr></div></h4></div><div class="ProductGrammage_productGrammage__fMOJr search-service-productGrammage"><div>1 Stück</div></div><div class="search-service-productDetailsFill ProductDetailsWrapper_productDetailsFill__TNboB"></div><div><div class="search-service-productOffer DiscountElements_productOffer__Oh1_0"><div class="search-service-productOfferFirstLine DiscountElements_productOfferFirstLine__s4lCO"><div class="search-service-productOfferDuration DiscountElements_productOfferDuration__gRZTl">bis <!-- -->15.10.2022</div></div><div class="search-service-productOfferSecondLine DiscountElements_productOfferSecondLine__7f_Wd"><div class="search-service-productOfferPrice DiscountElements_productOfferPrice__nOtuY">0,49 €</div></div></div></div></div></a></div><div class="search-service-basketButtons Product_basketButtons__SYAkC"><div class="search-service-ProductActions ProductActions_ProductActions__D_l5E"><meso-data data-listingid="8-28311843-d1d1e1d1-b919-4288-879f-a0361c836ff4" data-productid="8311846" data-orderlimit="15" data-amount="1" data-context="product-list-navigation"><div class="search-service-addToCartHandlerWrapper Add2CartHandler_addToCartHandlerWrapper__bvELT"><div class="bs_add2cart_container"><div class="lrms-favorite-button-container"><div class="lrms-addToFavMesoContainer"><div class="lrms-addToFavWrapper"><button class="lrms-addToFavHeartButton" data-cy="favorites-button_8-28311843-d1d1e1d1-b919-4288-879f-a0361c836ff4"><img src="https://shop.rewe-static.de/rewe-myproducts/static-images/tab-icon-heart_v2_1.svg" alt="Zu Favoriten hinzufügen"></button></div></div></div><script type="application/json" class="favoritebutton-propstore">{"additionalUiData":{"assetBaseUrl":"https://shop.rewe-static.de/rewe-myproducts/1460f8b0a79573560094733389e74ebb95f3137b","staticAssetBaseUrl":"https://shop.rewe-static.de/rewe-myproducts","favoritesBaseUrl":"/api/favorites","anonymousFavoritesBaseUrl":"/api/anonymousfavorites"},"testgroups":["MENGENRABATTIERUNG","HIDE_REGULAR_PRICE"],"togglz":[]}</script><div class="bs_amount-handler bs_add2cart bs_amount-zero without-animation" data-is-initialized="true"><button class="basket-button bs_amount-minus basket_ripple" disabled=""></button><input type="number" pattern="[0-9]*" value="0" class="basket-input bs_amount-input" autocomplete="off"><button class="basket-button bs_amount-plus basket_ripple" aria-label="Artikel zum Warenkorb hinzufügen"></button></div></div><script type="text/javascript">
                    if (!window.ReweBasket) {
                        window.ReweBasket = {}
                    }
                </script><script type="text/javascript">
                    (function () {
                      var event = 'basket:addToBasketbuttonV2Render';
                      var customEvent;
                      var data = {};
                      if (typeof CustomEvent === 'function') {
                          customEvent = new CustomEvent(event, {detail: data});
                      } else {
                          customEvent = document.createEvent('CustomEvent');
                          customEvent.initCustomEvent(event, false, false, data);
                      }
                      document.dispatchEvent(customEvent);
                    })();
                </script></div></meso-data></div></div></div><div class="search-service-product Product_product__maAwA" aria-labelledby="8-22590541-d1d1e1d1-b919-4288-879f-a0361c836ff4-product-title"><div><input type="hidden" name="nan" value="1028378"><input type="hidden" name="listingId" value="8-22590541-d1d1e1d1-b919-4288-879f-a0361c836ff4"></div><div class="search-service-productDetailsWrapper Product_productDetailsWrapper__bX_s8"><a class="search-service-productDetailsLink Product_productDetailsLink__hXXfb" href="/p/rewe-beste-wahl-banane-ca-200g/1028378"><div class="search-service-pictureWrapper ProductMediaWrapper_pictureWrapper__ZHKoX"><div class="search-service-productPicture ProductMediaWrapper_productPicture__OXMYf"><div class="search-service-rsProductsMedia ProductMedia_rsProductsMedia__TgDb_"><picture><source srcset="https://img.rewe-static.de/1028378/33873287_digital-image.png?resize=152px:152px&amp;output-quality=80&amp;output-format=webp&amp;im=BackgroundColor,color=fffff 152w, https://img.rewe-static.de/1028378/33873287_digital-image.png?resize=304px:304px&amp;output-quality=80&amp;output-format=webp&amp;im=BackgroundColor,color=fffff 304w, https://img.rewe-static.de/1028378/33873287_digital-image.png?resize=456px:456px&amp;output-quality=80&amp;output-format=webp&amp;im=BackgroundColor,color=fffff 456w, https://img.rewe-static.de/1028378/33873287_digital-image.png?resize=88px:88px&amp;output-quality=80&amp;output-format=webp&amp;im=BackgroundColor,color=fffff 88w, https://img.rewe-static.de/1028378/33873287_digital-image.png?resize=176px:176px&amp;output-quality=80&amp;output-format=webp&amp;im=BackgroundColor,color=fffff 176w, https://img.rewe-static.de/1028378/33873287_digital-image.png?resize=264px:264px&amp;output-quality=80&amp;output-format=webp&amp;im=BackgroundColor,color=fffff 264w" sizes="(min-width: 580px) 152px, 88px" type="image/webp"><source srcset="https://img.rewe-static.de/1028378/33873287_digital-image.png?resize=152px:152px&amp;output-quality=80&amp;output-format=jpeg2000&amp;im=BackgroundColor,color=fffff 152w, https://img.rewe-static.de/1028378/33873287_digital-image.png?resize=304px:304px&amp;output-quality=80&amp;output-format=jpeg2000&amp;im=BackgroundColor,color=fffff 304w, https://img.rewe-static.de/1028378/33873287_digital-image.png?resize=456px:456px&amp;output-quality=80&amp;output-format=jpeg2000&amp;im=BackgroundColor,color=fffff 456w, https://img.rewe-static.de/1028378/33873287_digital-image.png?resize=88px:88px&amp;output-quality=80&amp;output-format=jpeg2000&amp;im=BackgroundColor,color=fffff 88w, https://img.rewe-static.de/1028378/33873287_digital-image.png?resize=176px:176px&amp;output-quality=80&amp;output-format=jpeg2000&amp;im=BackgroundColor,color=fffff 176w, https://img.rewe-static.de/1028378/33873287_digital-image.png?resize=264px:264px&amp;output-quality=80&amp;output-format=jpeg2000&amp;im=BackgroundColor,color=fffff 264w" sizes="(min-width: 580px) 152px, 88px" type="image/jp2"><source srcset="https://img.rewe-static.de/1028378/33873287_digital-image.png?resize=152px:152px&amp;output-quality=80&amp;output-format=jpeg&amp;im=BackgroundColor,color=fffff 152w, https://img.rewe-static.de/1028378/33873287_digital-image.png?resize=304px:304px&amp;output-quality=80&amp;output-format=jpeg&amp;im=BackgroundColor,color=fffff 304w, https://img.rewe-static.de/1028378/33873287_digital-image.png?resize=456px:456px&amp;output-quality=80&amp;output-format=jpeg&amp;im=BackgroundColor,color=fffff 456w, https://img.rewe-static.de/1028378/33873287_digital-image.png?resize=88px:88px&amp;output-quality=80&amp;output-format=jpeg&amp;im=BackgroundColor,color=fffff 88w, https://img.rewe-static.de/1028378/33873287_digital-image.png?resize=176px:176px&amp;output-quality=80&amp;output-format=jpeg&amp;im=BackgroundColor,color=fffff 176w, https://img.rewe-static.de/1028378/33873287_digital-image.png?resize=264px:264px&amp;output-quality=80&amp;output-format=jpeg&amp;im=BackgroundColor,color=fffff 264w" sizes="(min-width: 580px) 152px, 88px"><img src="https://img.rewe-static.de/1028378/33873287_digital-image.png?resize=152px:152px&amp;output-quality=80&amp;output-format=jpeg&amp;im=BackgroundColor,color=fffff" alt="REWE Beste Wahl Banane ca. 200g" loading="lazy" width="152" height="152"></picture></div></div><div class="BadgesContainer_productBadges__mIOO1 search-service-productBadges"></div></div><div class="ProductDetailsWrapper_productDetails__7vI_z search-service-productDetails"><div class="ProductDetailsWrapper_partnerName__CqluS search-service-partnerName ProductDetailsWrapper_partnerNameEmpty__c5rTb search-service-partnerNameEmpty"></div><div class="ProductDetailsWrapper_productTitleWrapper__nJ1Fr search-service-productTitleWrapper"><h4 class="ProductDetailsWrapper_productTitle__XjgsA search-service-productTitle" id="8-22590541-d1d1e1d1-b919-4288-879f-a0361c836ff4-product-title"><div class="LinesEllipsis  ">REWE Beste Wahl Banane ca. 200g<wbr></div></h4></div><div class="ProductGrammage_productGrammage__fMOJr search-service-productGrammage"><div>1 Stück ca. 200 g (1 kg = 1,89 €)</div></div><div class="search-service-productDetailsFill ProductDetailsWrapper_productDetailsFill__TNboB"></div><div><div class="search-service-productPrice ProductPriceDisplay_productPrice__pqWxK">0,38 €</div></div></div></a></div><div class="search-service-basketButtons Product_basketButtons__SYAkC"><div class="search-service-ProductActions ProductActions_ProductActions__D_l5E"><meso-data data-listingid="8-22590541-d1d1e1d1-b919-4288-879f-a0361c836ff4" data-productid="1028378" data-orderlimit="199" data-amount="1" data-context="product-list-navigation"><div class="search-service-addToCartHandlerWrapper Add2CartHandler_addToCartHandlerWrapper__bvELT"><div class="bs_add2cart_container"><div class="lrms-favorite-button-container"><div class="lrms-addToFavMesoContainer"><div class="lrms-addToFavWrapper"><button class="lrms-addToFavHeartButton" data-cy="favorites-button_8-22590541-d1d1e1d1-b919-4288-879f-a0361c836ff4"><img src="https://shop.rewe-static.de/rewe-myproducts/static-images/tab-icon-heart_v2_1.svg" alt="Zu Favoriten hinzufügen"></button></div></div></div><script type="application/json" class="favoritebutton-propstore">{"additionalUiData":{"assetBaseUrl":"https://shop.rewe-static.de/rewe-myproducts/1460f8b0a79573560094733389e74ebb95f3137b","staticAssetBaseUrl":"https://shop.rewe-static.de/rewe-myproducts","favoritesBaseUrl":"/api/favorites","anonymousFavoritesBaseUrl":"/api/anonymousfavorites"},"testgroups":["MENGENRABATTIERUNG","HIDE_REGULAR_PRICE"],"togglz":[]}</script><div class="bs_amount-handler bs_add2cart bs_amount-zero without-animation" data-is-initialized="true"><button class="basket-button bs_amount-minus basket_ripple" disabled=""></button><input type="number" pattern="[0-9]*" value="0" class="basket-input bs_amount-input" autocomplete="off"><button class="basket-button bs_amount-plus basket_ripple" aria-label="Artikel zum Warenkorb hinzufügen"></button></div></div><script type="text/javascript">
                    if (!window.ReweBasket) {
                        window.ReweBasket = {}
                    }
                </script><script type="text/javascript">
                    (function () {
                      var event = 'basket:addToBasketbuttonV2Render';
                      var customEvent;
                      var data = {};
                      if (typeof CustomEvent === 'function') {
                          customEvent = new CustomEvent(event, {detail: data});
                      } else {
                          customEvent = document.createEvent('CustomEvent');
                          customEvent.initCustomEvent(event, false, false, data);
                      }
                      document.dispatchEvent(customEvent);
                    })();
                </script></div></meso-data></div></div></div><div class="search-service-product Product_product__maAwA" aria-labelledby="13-8711775028459-d1d1e1d1-b919-4288-879f-a0361c836ff4-product-title"><div><input type="hidden" name="nan" value="1928831"><input type="hidden" name="listingId" value="13-8711775028459-d1d1e1d1-b919-4288-879f-a0361c836ff4"></div><div class="search-service-productDetailsWrapper Product_productDetailsWrapper__bX_s8"><a class="search-service-productDetailsLink Product_productDetailsLink__hXXfb" href="/p/rewe-beste-wahl-champignons-braun-250g/1928831"><div class="search-service-pictureWrapper ProductMediaWrapper_pictureWrapper__ZHKoX"><div class="search-service-productPicture ProductMediaWrapper_productPicture__OXMYf"><div class="search-service-rsProductsMedia ProductMedia_rsProductsMedia__TgDb_"><picture><source srcset="https://img.rewe-static.de/1928831/21288695_digital-image.png?resize=152px:152px&amp;output-quality=80&amp;output-format=webp&amp;im=BackgroundColor,color=fffff 152w, https://img.rewe-static.de/1928831/21288695_digital-image.png?resize=304px:304px&amp;output-quality=80&amp;output-format=webp&amp;im=BackgroundColor,color=fffff 304w, https://img.rewe-static.de/1928831/21288695_digital-image.png?resize=456px:456px&amp;output-quality=80&amp;output-format=webp&amp;im=BackgroundColor,color=fffff 456w, https://img.rewe-static.de/1928831/21288695_digital-image.png?resize=88px:88px&amp;output-quality=80&amp;output-format=webp&amp;im=BackgroundColor,color=fffff 88w, https://img.rewe-static.de/1928831/21288695_digital-image.png?resize=176px:176px&amp;output-quality=80&amp;output-format=webp&amp;im=BackgroundColor,color=fffff 176w, https://img.rewe-static.de/1928831/21288695_digital-image.png?resize=264px:264px&amp;output-quality=80&amp;output-format=webp&amp;im=BackgroundColor,color=fffff 264w" sizes="(min-width: 580px) 152px, 88px" type="image/webp"><source srcset="https://img.rewe-static.de/1928831/21288695_digital-image.png?resize=152px:152px&amp;output-quality=80&amp;output-format=jpeg2000&amp;im=BackgroundColor,color=fffff 152w, https://img.rewe-static.de/1928831/21288695_digital-image.png?resize=304px:304px&amp;output-quality=80&amp;output-format=jpeg2000&amp;im=BackgroundColor,color=fffff 304w, https://img.rewe-static.de/1928831/21288695_digital-image.png?resize=456px:456px&amp;output-quality=80&amp;output-format=jpeg2000&amp;im=BackgroundColor,color=fffff 456w, https://img.rewe-static.de/1928831/21288695_digital-image.png?resize=88px:88px&amp;output-quality=80&amp;output-format=jpeg2000&amp;im=BackgroundColor,color=fffff 88w, https://img.rewe-static.de/1928831/21288695_digital-image.png?resize=176px:176px&amp;output-quality=80&amp;output-format=jpeg2000&amp;im=BackgroundColor,color=fffff 176w, https://img.rewe-static.de/1928831/21288695_digital-image.png?resize=264px:264px&amp;output-quality=80&amp;output-format=jpeg2000&amp;im=BackgroundColor,color=fffff 264w" sizes="(min-width: 580px) 152px, 88px" type="image/jp2"><source srcset="https://img.rewe-static.de/1928831/21288695_digital-image.png?resize=152px:152px&amp;output-quality=80&amp;output-format=jpeg&amp;im=BackgroundColor,color=fffff 152w, https://img.rewe-static.de/1928831/21288695_digital-image.png?resize=304px:304px&amp;output-quality=80&amp;output-format=jpeg&amp;im=BackgroundColor,color=fffff 304w, https://img.rewe-static.de/1928831/21288695_digital-image.png?resize=456px:456px&amp;output-quality=80&amp;output-format=jpeg&amp;im=BackgroundColor,color=fffff 456w, https://img.rewe-static.de/1928831/21288695_digital-image.png?resize=88px:88px&amp;output-quality=80&amp;output-format=jpeg&amp;im=BackgroundColor,color=fffff 88w, https://img.rewe-static.de/1928831/21288695_digital-image.png?resize=176px:176px&amp;output-quality=80&amp;output-format=jpeg&amp;im=BackgroundColor,color=fffff 176w, https://img.rewe-static.de/1928831/21288695_digital-image.png?resize=264px:264px&amp;output-quality=80&amp;output-format=jpeg&amp;im=BackgroundColor,color=fffff 264w" sizes="(min-width: 580px) 152px, 88px"><img src="https://img.rewe-static.de/1928831/21288695_digital-image.png?resize=152px:152px&amp;output-quality=80&amp;output-format=jpeg&amp;im=BackgroundColor,color=fffff" alt="REWE Beste Wahl Champignons braun 250g" loading="lazy" width="152" height="152"></picture></div></div><div class="BadgesContainer_productBadges__mIOO1 search-service-productBadges"></div></div><div class="ProductDetailsWrapper_productDetails__7vI_z search-service-productDetails"><div class="ProductDetailsWrapper_partnerName__CqluS search-service-partnerName ProductDetailsWrapper_partnerNameEmpty__c5rTb search-service-partnerNameEmpty"></div><div class="ProductDetailsWrapper_productTitleWrapper__nJ1Fr search-service-productTitleWrapper"><h4 class="ProductDetailsWrapper_productTitle__XjgsA search-service-productTitle" id="13-8711775028459-d1d1e1d1-b919-4288-879f-a0361c836ff4-product-title"><div class="LinesEllipsis  ">REWE Beste Wahl Champignons braun 250g<wbr></div></h4></div><div class="ProductGrammage_productGrammage__fMOJr search-service-productGrammage"><div>250g (1 kg = 6,76 €)</div></div><div class="search-service-productDetailsFill ProductDetailsWrapper_productDetailsFill__TNboB"></div><div><div class="search-service-productPrice ProductPriceDisplay_productPrice__pqWxK">1,69 €</div></div></div></a></div><div class="search-service-basketButtons Product_basketButtons__SYAkC"><div class="search-service-ProductActions ProductActions_ProductActions__D_l5E"><meso-data data-listingid="13-8711775028459-d1d1e1d1-b919-4288-879f-a0361c836ff4" data-productid="1928831" data-orderlimit="99" data-amount="1" data-context="product-list-navigation"><div class="search-service-addToCartHandlerWrapper Add2CartHandler_addToCartHandlerWrapper__bvELT"><div class="bs_add2cart_container"><div class="lrms-favorite-button-container"><div class="lrms-addToFavMesoContainer"><div class="lrms-addToFavWrapper"><button class="lrms-addToFavHeartButton" data-cy="favorites-button_13-8711775028459-d1d1e1d1-b919-4288-879f-a0361c836ff4"><img src="https://shop.rewe-static.de/rewe-myproducts/static-images/tab-icon-heart_v2_1.svg" alt="Zu Favoriten hinzufügen"></button></div></div></div><script type="application/json" class="favoritebutton-propstore">{"additionalUiData":{"assetBaseUrl":"https://shop.rewe-static.de/rewe-myproducts/1460f8b0a79573560094733389e74ebb95f3137b","staticAssetBaseUrl":"https://shop.rewe-static.de/rewe-myproducts","favoritesBaseUrl":"/api/favorites","anonymousFavoritesBaseUrl":"/api/anonymousfavorites"},"testgroups":["MENGENRABATTIERUNG","HIDE_REGULAR_PRICE"],"togglz":[]}</script><div class="bs_amount-handler bs_add2cart bs_amount-zero without-animation" data-is-initialized="true"><button class="basket-button bs_amount-minus basket_ripple" disabled=""></button><input type="number" pattern="[0-9]*" value="0" class="basket-input bs_amount-input" autocomplete="off"><button class="basket-button bs_amount-plus basket_ripple" aria-label="Artikel zum Warenkorb hinzufügen"></button></div></div><script type="text/javascript">
                    if (!window.ReweBasket) {
                        window.ReweBasket = {}
                    }
                </script><script type="text/javascript">
                    (function () {
                      var event = 'basket:addToBasketbuttonV2Render';
                      var customEvent;
                      var data = {};
                      if (typeof CustomEvent === 'function') {
                          customEvent = new CustomEvent(event, {detail: data});
                      } else {
                          customEvent = document.createEvent('CustomEvent');
                          customEvent.initCustomEvent(event, false, false, data);
                      }
                      document.dispatchEvent(customEvent);
                    })();
                </script></div></meso-data></div></div></div><div class="search-service-product Product_product__maAwA" aria-labelledby="8-LGVEJNN0-d1d1e1d1-b919-4288-879f-a0361c836ff4-product-title"><div><input type="hidden" name="nan" value="1947331"><input type="hidden" name="listingId" value="8-LGVEJNN0-d1d1e1d1-b919-4288-879f-a0361c836ff4"></div><div class="search-service-productDetailsWrapper Product_productDetailsWrapper__bX_s8"><a class="search-service-productDetailsLink Product_productDetailsLink__hXXfb" href="/p/rewe-beste-wahl-champignons-weiss-250g/1947331"><div class="search-service-pictureWrapper ProductMediaWrapper_pictureWrapper__ZHKoX"><div class="search-service-productPicture ProductMediaWrapper_productPicture__OXMYf"><div class="search-service-rsProductsMedia ProductMedia_rsProductsMedia__TgDb_"><picture><source srcset="https://img.rewe-static.de/1947331/21288594_digital-image.png?resize=152px:152px&amp;output-quality=80&amp;output-format=webp&amp;im=BackgroundColor,color=fffff 152w, https://img.rewe-static.de/1947331/21288594_digital-image.png?resize=304px:304px&amp;output-quality=80&amp;output-format=webp&amp;im=BackgroundColor,color=fffff 304w, https://img.rewe-static.de/1947331/21288594_digital-image.png?resize=456px:456px&amp;output-quality=80&amp;output-format=webp&amp;im=BackgroundColor,color=fffff 456w, https://img.rewe-static.de/1947331/21288594_digital-image.png?resize=88px:88px&amp;output-quality=80&amp;output-format=webp&amp;im=BackgroundColor,color=fffff 88w, https://img.rewe-static.de/1947331/21288594_digital-image.png?resize=176px:176px&amp;output-quality=80&amp;output-format=webp&amp;im=BackgroundColor,color=fffff 176w, https://img.rewe-static.de/1947331/21288594_digital-image.png?resize=264px:264px&amp;output-quality=80&amp;output-format=webp&amp;im=BackgroundColor,color=fffff 264w" sizes="(min-width: 580px) 152px, 88px" type="image/webp"><source srcset="https://img.rewe-static.de/1947331/21288594_digital-image.png?resize=152px:152px&amp;output-quality=80&amp;output-format=jpeg2000&amp;im=BackgroundColor,color=fffff 152w, https://img.rewe-static.de/1947331/21288594_digital-image.png?resize=304px:304px&amp;output-quality=80&amp;output-format=jpeg2000&amp;im=BackgroundColor,color=fffff 304w, https://img.rewe-static.de/1947331/21288594_digital-image.png?resize=456px:456px&amp;output-quality=80&amp;output-format=jpeg2000&amp;im=BackgroundColor,color=fffff 456w, https://img.rewe-static.de/1947331/21288594_digital-image.png?resize=88px:88px&amp;output-quality=80&amp;output-format=jpeg2000&amp;im=BackgroundColor,color=fffff 88w, https://img.rewe-static.de/1947331/21288594_digital-image.png?resize=176px:176px&amp;output-quality=80&amp;output-format=jpeg2000&amp;im=BackgroundColor,color=fffff 176w, https://img.rewe-static.de/1947331/21288594_digital-image.png?resize=264px:264px&amp;output-quality=80&amp;output-format=jpeg2000&amp;im=BackgroundColor,color=fffff 264w" sizes="(min-width: 580px) 152px, 88px" type="image/jp2"><source srcset="https://img.rewe-static.de/1947331/21288594_digital-image.png?resize=152px:152px&amp;output-quality=80&amp;output-format=jpeg&amp;im=BackgroundColor,color=fffff 152w, https://img.rewe-static.de/1947331/21288594_digital-image.png?resize=304px:304px&amp;output-quality=80&amp;output-format=jpeg&amp;im=BackgroundColor,color=fffff 304w, https://img.rewe-static.de/1947331/21288594_digital-image.png?resize=456px:456px&amp;output-quality=80&amp;output-format=jpeg&amp;im=BackgroundColor,color=fffff 456w, https://img.rewe-static.de/1947331/21288594_digital-image.png?resize=88px:88px&amp;output-quality=80&amp;output-format=jpeg&amp;im=BackgroundColor,color=fffff 88w, https://img.rewe-static.de/1947331/21288594_digital-image.png?resize=176px:176px&amp;output-quality=80&amp;output-format=jpeg&amp;im=BackgroundColor,color=fffff 176w, https://img.rewe-static.de/1947331/21288594_digital-image.png?resize=264px:264px&amp;output-quality=80&amp;output-format=jpeg&amp;im=BackgroundColor,color=fffff 264w" sizes="(min-width: 580px) 152px, 88px"><img src="https://img.rewe-static.de/1947331/21288594_digital-image.png?resize=152px:152px&amp;output-quality=80&amp;output-format=jpeg&amp;im=BackgroundColor,color=fffff" alt="REWE Beste Wahl Champignons weiß 250g" loading="lazy" width="152" height="152"></picture></div></div><div class="BadgesContainer_productBadges__mIOO1 search-service-productBadges"></div></div><div class="ProductDetailsWrapper_productDetails__7vI_z search-service-productDetails"><div class="ProductDetailsWrapper_partnerName__CqluS search-service-partnerName ProductDetailsWrapper_partnerNameEmpty__c5rTb search-service-partnerNameEmpty"></div><div class="ProductDetailsWrapper_productTitleWrapper__nJ1Fr search-service-productTitleWrapper"><h4 class="ProductDetailsWrapper_productTitle__XjgsA search-service-productTitle" id="8-LGVEJNN0-d1d1e1d1-b919-4288-879f-a0361c836ff4-product-title"><div class="LinesEllipsis  ">REWE Beste Wahl Champignons weiß 250g<wbr></div></h4></div><div class="ProductGrammage_productGrammage__fMOJr search-service-productGrammage"><div>250g (1 kg = 6,76 €)</div></div><div class="search-service-productDetailsFill ProductDetailsWrapper_productDetailsFill__TNboB"></div><div><div class="search-service-productPrice ProductPriceDisplay_productPrice__pqWxK">1,69 €</div></div></div></a></div><div class="search-service-basketButtons Product_basketButtons__SYAkC"><div class="search-service-ProductActions ProductActions_ProductActions__D_l5E"><meso-data data-listingid="8-LGVEJNN0-d1d1e1d1-b919-4288-879f-a0361c836ff4" data-productid="1947331" data-orderlimit="99" data-amount="1" data-context="product-list-navigation"><div class="search-service-addToCartHandlerWrapper Add2CartHandler_addToCartHandlerWrapper__bvELT"><div class="bs_add2cart_container"><div class="lrms-favorite-button-container"><div class="lrms-addToFavMesoContainer"><div class="lrms-addToFavWrapper"><button class="lrms-addToFavHeartButton" data-cy="favorites-button_8-LGVEJNN0-d1d1e1d1-b919-4288-879f-a0361c836ff4"><img src="https://shop.rewe-static.de/rewe-myproducts/static-images/tab-icon-heart_v2_1.svg" alt="Zu Favoriten hinzufügen"></button></div></div></div><script type="application/json" class="favoritebutton-propstore">{"additionalUiData":{"assetBaseUrl":"https://shop.rewe-static.de/rewe-myproducts/1460f8b0a79573560094733389e74ebb95f3137b","staticAssetBaseUrl":"https://shop.rewe-static.de/rewe-myproducts","favoritesBaseUrl":"/api/favorites","anonymousFavoritesBaseUrl":"/api/anonymousfavorites"},"testgroups":["MENGENRABATTIERUNG","HIDE_REGULAR_PRICE"],"togglz":[]}</script><div class="bs_amount-handler bs_add2cart bs_amount-zero without-animation" data-is-initialized="true"><button class="basket-button bs_amount-minus basket_ripple" disabled=""></button><input type="number" pattern="[0-9]*" value="0" class="basket-input bs_amount-input" autocomplete="off"><button class="basket-button bs_amount-plus basket_ripple" aria-label="Artikel zum Warenkorb hinzufügen"></button></div></div><script type="text/javascript">
                    if (!window.ReweBasket) {
                        window.ReweBasket = {}
                    }
                </script><script type="text/javascript">
                    (function () {
                      var event = 'basket:addToBasketbuttonV2Render';
                      var customEvent;
                      var data = {};
                      if (typeof CustomEvent === 'function') {
                          customEvent = new CustomEvent(event, {detail: data});
                      } else {
                          customEvent = document.createEvent('CustomEvent');
                          customEvent.initCustomEvent(event, false, false, data);
                      }
                      document.dispatchEvent(customEvent);
                    })();
                </script></div></meso-data></div></div></div><div class="search-service-product Product_product__maAwA" aria-labelledby="8-T51HX22F-d1d1e1d1-b919-4288-879f-a0361c836ff4-product-title"><div><input type="hidden" name="nan" value="8380889"><input type="hidden" name="listingId" value="8-T51HX22F-d1d1e1d1-b919-4288-879f-a0361c836ff4"></div><div class="search-service-productDetailsWrapper Product_productDetailsWrapper__bX_s8"><a class="search-service-productDetailsLink Product_productDetailsLink__hXXfb" href="/p/rewe-beste-wahl-clementinen-750g-im-netz/8380889"><div class="search-service-pictureWrapper ProductMediaWrapper_pictureWrapper__ZHKoX"><div class="search-service-productPicture ProductMediaWrapper_productPicture__OXMYf"><div class="search-service-rsProductsMedia ProductMedia_rsProductsMedia__TgDb_"><picture><source srcset="https://img.rewe-static.de/8380889/30248452_digital-image.png?resize=152px:152px&amp;output-quality=80&amp;output-format=webp&amp;im=BackgroundColor,color=fffff 152w, https://img.rewe-static.de/8380889/30248452_digital-image.png?resize=304px:304px&amp;output-quality=80&amp;output-format=webp&amp;im=BackgroundColor,color=fffff 304w, https://img.rewe-static.de/8380889/30248452_digital-image.png?resize=456px:456px&amp;output-quality=80&amp;output-format=webp&amp;im=BackgroundColor,color=fffff 456w, https://img.rewe-static.de/8380889/30248452_digital-image.png?resize=88px:88px&amp;output-quality=80&amp;output-format=webp&amp;im=BackgroundColor,color=fffff 88w, https://img.rewe-static.de/8380889/30248452_digital-image.png?resize=176px:176px&amp;output-quality=80&amp;output-format=webp&amp;im=BackgroundColor,color=fffff 176w, https://img.rewe-static.de/8380889/30248452_digital-image.png?resize=264px:264px&amp;output-quality=80&amp;output-format=webp&amp;im=BackgroundColor,color=fffff 264w" sizes="(min-width: 580px) 152px, 88px" type="image/webp"><source srcset="https://img.rewe-static.de/8380889/30248452_digital-image.png?resize=152px:152px&amp;output-quality=80&amp;output-format=jpeg2000&amp;im=BackgroundColor,color=fffff 152w, https://img.rewe-static.de/8380889/30248452_digital-image.png?resize=304px:304px&amp;output-quality=80&amp;output-format=jpeg2000&amp;im=BackgroundColor,color=fffff 304w, https://img.rewe-static.de/8380889/30248452_digital-image.png?resize=456px:456px&amp;output-quality=80&amp;output-format=jpeg2000&amp;im=BackgroundColor,color=fffff 456w, https://img.rewe-static.de/8380889/30248452_digital-image.png?resize=88px:88px&amp;output-quality=80&amp;output-format=jpeg2000&amp;im=BackgroundColor,color=fffff 88w, https://img.rewe-static.de/8380889/30248452_digital-image.png?resize=176px:176px&amp;output-quality=80&amp;output-format=jpeg2000&amp;im=BackgroundColor,color=fffff 176w, https://img.rewe-static.de/8380889/30248452_digital-image.png?resize=264px:264px&amp;output-quality=80&amp;output-format=jpeg2000&amp;im=BackgroundColor,color=fffff 264w" sizes="(min-width: 580px) 152px, 88px" type="image/jp2"><source srcset="https://img.rewe-static.de/8380889/30248452_digital-image.png?resize=152px:152px&amp;output-quality=80&amp;output-format=jpeg&amp;im=BackgroundColor,color=fffff 152w, https://img.rewe-static.de/8380889/30248452_digital-image.png?resize=304px:304px&amp;output-quality=80&amp;output-format=jpeg&amp;im=BackgroundColor,color=fffff 304w, https://img.rewe-static.de/8380889/30248452_digital-image.png?resize=456px:456px&amp;output-quality=80&amp;output-format=jpeg&amp;im=BackgroundColor,color=fffff 456w, https://img.rewe-static.de/8380889/30248452_digital-image.png?resize=88px:88px&amp;output-quality=80&amp;output-format=jpeg&amp;im=BackgroundColor,color=fffff 88w, https://img.rewe-static.de/8380889/30248452_digital-image.png?resize=176px:176px&amp;output-quality=80&amp;output-format=jpeg&amp;im=BackgroundColor,color=fffff 176w, https://img.rewe-static.de/8380889/30248452_digital-image.png?resize=264px:264px&amp;output-quality=80&amp;output-format=jpeg&amp;im=BackgroundColor,color=fffff 264w" sizes="(min-width: 580px) 152px, 88px"><img src="https://img.rewe-static.de/8380889/30248452_digital-image.png?resize=152px:152px&amp;output-quality=80&amp;output-format=jpeg&amp;im=BackgroundColor,color=fffff" alt="REWE Beste Wahl Clementinen 750g im Netz" loading="lazy" width="152" height="152"></picture></div></div><div class="BadgesContainer_productBadges__mIOO1 search-service-productBadges"></div></div><div class="ProductDetailsWrapper_productDetails__7vI_z search-service-productDetails"><div class="ProductDetailsWrapper_partnerName__CqluS search-service-partnerName ProductDetailsWrapper_partnerNameEmpty__c5rTb search-service-partnerNameEmpty"></div><div class="ProductDetailsWrapper_productTitleWrapper__nJ1Fr search-service-productTitleWrapper"><h4 class="ProductDetailsWrapper_productTitle__XjgsA search-service-productTitle" id="8-T51HX22F-d1d1e1d1-b919-4288-879f-a0361c836ff4-product-title"><div class="LinesEllipsis  ">REWE Beste Wahl Clementinen 750g im Netz<wbr></div></h4></div><div class="ProductGrammage_productGrammage__fMOJr search-service-productGrammage"><div>1 Stück</div></div><div class="search-service-productDetailsFill ProductDetailsWrapper_productDetailsFill__TNboB"></div><div><div class="search-service-productPrice ProductPriceDisplay_productPrice__pqWxK">2,99 €</div></div></div></a></div><div class="search-service-basketButtons Product_basketButtons__SYAkC"><div class="search-service-ProductActions ProductActions_ProductActions__D_l5E"><meso-data data-listingid="8-T51HX22F-d1d1e1d1-b919-4288-879f-a0361c836ff4" data-productid="8380889" data-orderlimit="99" data-amount="1" data-context="product-list-navigation"><div class="search-service-addToCartHandlerWrapper Add2CartHandler_addToCartHandlerWrapper__bvELT"><div class="bs_add2cart_container"><div class="lrms-favorite-button-container"><div class="lrms-addToFavMesoContainer"><div class="lrms-addToFavWrapper"><button class="lrms-addToFavHeartButton" data-cy="favorites-button_8-T51HX22F-d1d1e1d1-b919-4288-879f-a0361c836ff4"><img src="https://shop.rewe-static.de/rewe-myproducts/static-images/tab-icon-heart_v2_1.svg" alt="Zu Favoriten hinzufügen"></button></div></div></div><script type="application/json" class="favoritebutton-propstore">{"additionalUiData":{"assetBaseUrl":"https://shop.rewe-static.de/rewe-myproducts/1460f8b0a79573560094733389e74ebb95f3137b","staticAssetBaseUrl":"https://shop.rewe-static.de/rewe-myproducts","favoritesBaseUrl":"/api/favorites","anonymousFavoritesBaseUrl":"/api/anonymousfavorites"},"testgroups":["MENGENRABATTIERUNG","HIDE_REGULAR_PRICE"],"togglz":[]}</script><div class="bs_amount-handler bs_add2cart bs_amount-zero without-animation" data-is-initialized="true"><button class="basket-button bs_amount-minus basket_ripple" disabled=""></button><input type="number" pattern="[0-9]*" value="0" class="basket-input bs_amount-input" autocomplete="off"><button class="basket-button bs_amount-plus basket_ripple" aria-label="Artikel zum Warenkorb hinzufügen"></button></div></div><script type="text/javascript">
                    if (!window.ReweBasket) {
                        window.ReweBasket = {}
                    }
                </script><script type="text/javascript">
                    (function () {
                      var event = 'basket:addToBasketbuttonV2Render';
                      var customEvent;
                      var data = {};
                      if (typeof CustomEvent === 'function') {
                          customEvent = new CustomEvent(event, {detail: data});
                      } else {
                          customEvent = document.createEvent('CustomEvent');
                          customEvent.initCustomEvent(event, false, false, data);
                      }
                      document.dispatchEvent(customEvent);
                    })();
                </script></div></meso-data></div></div></div><div class="search-service-product Product_product__maAwA" aria-labelledby="13-4030847109235-d1d1e1d1-b919-4288-879f-a0361c836ff4-product-title"><div><input type="hidden" name="nan" value="1041188"><input type="hidden" name="listingId" value="13-4030847109235-d1d1e1d1-b919-4288-879f-a0361c836ff4"></div><div class="search-service-productDetailsWrapper Product_productDetailsWrapper__bX_s8"><a class="search-service-productDetailsLink Product_productDetailsLink__hXXfb" href="/p/rewe-beste-wahl-rispentomaten-650g/1041188"><div class="search-service-pictureWrapper ProductMediaWrapper_pictureWrapper__ZHKoX"><div class="search-service-productPicture ProductMediaWrapper_productPicture__OXMYf"><div class="search-service-rsProductsMedia ProductMedia_rsProductsMedia__TgDb_"><picture><source srcset="https://img.rewe-static.de/1041188/21306442_digital-image.png?resize=152px:152px&amp;output-quality=80&amp;output-format=webp&amp;im=BackgroundColor,color=fffff 152w, https://img.rewe-static.de/1041188/21306442_digital-image.png?resize=304px:304px&amp;output-quality=80&amp;output-format=webp&amp;im=BackgroundColor,color=fffff 304w, https://img.rewe-static.de/1041188/21306442_digital-image.png?resize=456px:456px&amp;output-quality=80&amp;output-format=webp&amp;im=BackgroundColor,color=fffff 456w, https://img.rewe-static.de/1041188/21306442_digital-image.png?resize=88px:88px&amp;output-quality=80&amp;output-format=webp&amp;im=BackgroundColor,color=fffff 88w, https://img.rewe-static.de/1041188/21306442_digital-image.png?resize=176px:176px&amp;output-quality=80&amp;output-format=webp&amp;im=BackgroundColor,color=fffff 176w, https://img.rewe-static.de/1041188/21306442_digital-image.png?resize=264px:264px&amp;output-quality=80&amp;output-format=webp&amp;im=BackgroundColor,color=fffff 264w" sizes="(min-width: 580px) 152px, 88px" type="image/webp"><source srcset="https://img.rewe-static.de/1041188/21306442_digital-image.png?resize=152px:152px&amp;output-quality=80&amp;output-format=jpeg2000&amp;im=BackgroundColor,color=fffff 152w, https://img.rewe-static.de/1041188/21306442_digital-image.png?resize=304px:304px&amp;output-quality=80&amp;output-format=jpeg2000&amp;im=BackgroundColor,color=fffff 304w, https://img.rewe-static.de/1041188/21306442_digital-image.png?resize=456px:456px&amp;output-quality=80&amp;output-format=jpeg2000&amp;im=BackgroundColor,color=fffff 456w, https://img.rewe-static.de/1041188/21306442_digital-image.png?resize=88px:88px&amp;output-quality=80&amp;output-format=jpeg2000&amp;im=BackgroundColor,color=fffff 88w, https://img.rewe-static.de/1041188/21306442_digital-image.png?resize=176px:176px&amp;output-quality=80&amp;output-format=jpeg2000&amp;im=BackgroundColor,color=fffff 176w, https://img.rewe-static.de/1041188/21306442_digital-image.png?resize=264px:264px&amp;output-quality=80&amp;output-format=jpeg2000&amp;im=BackgroundColor,color=fffff 264w" sizes="(min-width: 580px) 152px, 88px" type="image/jp2"><source srcset="https://img.rewe-static.de/1041188/21306442_digital-image.png?resize=152px:152px&amp;output-quality=80&amp;output-format=jpeg&amp;im=BackgroundColor,color=fffff 152w, https://img.rewe-static.de/1041188/21306442_digital-image.png?resize=304px:304px&amp;output-quality=80&amp;output-format=jpeg&amp;im=BackgroundColor,color=fffff 304w, https://img.rewe-static.de/1041188/21306442_digital-image.png?resize=456px:456px&amp;output-quality=80&amp;output-format=jpeg&amp;im=BackgroundColor,color=fffff 456w, https://img.rewe-static.de/1041188/21306442_digital-image.png?resize=88px:88px&amp;output-quality=80&amp;output-format=jpeg&amp;im=BackgroundColor,color=fffff 88w, https://img.rewe-static.de/1041188/21306442_digital-image.png?resize=176px:176px&amp;output-quality=80&amp;output-format=jpeg&amp;im=BackgroundColor,color=fffff 176w, https://img.rewe-static.de/1041188/21306442_digital-image.png?resize=264px:264px&amp;output-quality=80&amp;output-format=jpeg&amp;im=BackgroundColor,color=fffff 264w" sizes="(min-width: 580px) 152px, 88px"><img src="https://img.rewe-static.de/1041188/21306442_digital-image.png?resize=152px:152px&amp;output-quality=80&amp;output-format=jpeg&amp;im=BackgroundColor,color=fffff" alt="REWE Beste Wahl Rispentomaten 650g" loading="lazy" width="152" height="152"></picture></div></div><div class="BadgesContainer_productBadges__mIOO1 search-service-productBadges"></div></div><div class="ProductDetailsWrapper_productDetails__7vI_z search-service-productDetails"><div class="ProductDetailsWrapper_partnerName__CqluS search-service-partnerName ProductDetailsWrapper_partnerNameEmpty__c5rTb search-service-partnerNameEmpty"></div><div class="ProductDetailsWrapper_productTitleWrapper__nJ1Fr search-service-productTitleWrapper"><h4 class="ProductDetailsWrapper_productTitle__XjgsA search-service-productTitle" id="13-4030847109235-d1d1e1d1-b919-4288-879f-a0361c836ff4-product-title"><div class="LinesEllipsis  ">REWE Beste Wahl Rispentomaten 650g<wbr></div></h4></div><div class="ProductGrammage_productGrammage__fMOJr search-service-productGrammage"><div>650g (1 kg = 3,98 €)</div></div><div class="search-service-productDetailsFill ProductDetailsWrapper_productDetailsFill__TNboB"></div><div><div class="search-service-productPrice ProductPriceDisplay_productPrice__pqWxK">2,59 €</div></div></div></a></div><div class="search-service-basketButtons Product_basketButtons__SYAkC"><div class="search-service-ProductActions ProductActions_ProductActions__D_l5E"><meso-data data-listingid="13-4030847109235-d1d1e1d1-b919-4288-879f-a0361c836ff4" data-productid="1041188" data-orderlimit="99" data-amount="1" data-context="product-list-navigation"><div class="search-service-addToCartHandlerWrapper Add2CartHandler_addToCartHandlerWrapper__bvELT"><div class="bs_add2cart_container"><div class="lrms-favorite-button-container"><div class="lrms-addToFavMesoContainer"><div class="lrms-addToFavWrapper"><button class="lrms-addToFavHeartButton" data-cy="favorites-button_13-4030847109235-d1d1e1d1-b919-4288-879f-a0361c836ff4"><img src="https://shop.rewe-static.de/rewe-myproducts/static-images/tab-icon-heart_v2_1.svg" alt="Zu Favoriten hinzufügen"></button></div></div></div><script type="application/json" class="favoritebutton-propstore">{"additionalUiData":{"assetBaseUrl":"https://shop.rewe-static.de/rewe-myproducts/1460f8b0a79573560094733389e74ebb95f3137b","staticAssetBaseUrl":"https://shop.rewe-static.de/rewe-myproducts","favoritesBaseUrl":"/api/favorites","anonymousFavoritesBaseUrl":"/api/anonymousfavorites"},"testgroups":["MENGENRABATTIERUNG","HIDE_REGULAR_PRICE"],"togglz":[]}</script><div class="bs_amount-handler bs_add2cart bs_amount-zero without-animation" data-is-initialized="true"><button class="basket-button bs_amount-minus basket_ripple" disabled=""></button><input type="number" pattern="[0-9]*" value="0" class="basket-input bs_amount-input" autocomplete="off"><button class="basket-button bs_amount-plus basket_ripple" aria-label="Artikel zum Warenkorb hinzufügen"></button></div></div><script type="text/javascript">
                    if (!window.ReweBasket) {
                        window.ReweBasket = {}
                    }
                </script><script type="text/javascript">
                    (function () {
                      var event = 'basket:addToBasketbuttonV2Render';
                      var customEvent;
                      var data = {};
                      if (typeof CustomEvent === 'function') {
                          customEvent = new CustomEvent(event, {detail: data});
                      } else {
                          customEvent = document.createEvent('CustomEvent');
                          customEvent.initCustomEvent(event, false, false, data);
                      }
                      document.dispatchEvent(customEvent);
                    })();
                </script></div></meso-data></div></div></div></div><div class="SearchResultsFeedback_feedbackContainer__RIT2a"><div><p class="SearchResultsFeedback_feedbackTitle__nvSHt">Hast du gefunden, wonach du gesucht hast?</p><div class="SearchResultsFeedback_feedbackInteractions__qAV88"><button type="button" class="SearchResultsFeedback_feedbackInteractionButton__zNzdP" data-testid="feedback-interaction-button-positive"><svg xmlns="http://www.w3.org/2000/svg" width="56" height="44" viewBox="0 0 56 44"><g fill="none"><g><path fill="#C7D7E2" d="M13.3 25.762c1.242 0 2.192-.941 2.192-2.172V4.77c0-1.23-1.023-2.243-2.338-2.243H2.704c-.292 0 0 23.307 0 23.307H13.3v-.072z" transform="translate(0 15.004)"></path><path fill="#4C4C4C" d="M13.3 27.933H2.63c-1.242 0-2.192-.94-2.192-2.171 0-1.23.95-2.172 2.193-2.172h10.596V4.77c0-.072-.073-.072-.146-.072H2.704c-1.242 0-2.192-.94-2.192-2.171 0-1.23.95-2.172 2.192-2.172h10.45c2.484 0 4.53 2.027 4.53 4.416v18.82c0 2.46-1.972 4.342-4.384 4.342z" transform="translate(0 15.004)"></path></g><path fill="#4C4C4C" d="M38.363 16.181l2.927.022 8.48.076c.512.004 1.02.073 1.515.206 3.2.86 5.097 4.151 4.236 7.351-1.954 7.271-3.23 11.617-3.825 13.037-1.445 3.442-4.761 5.728-8.492 5.854-4.176.14-6.366.21-10.569.21-6.778 0-12.01-.505-15.693-1.515C15.204 40.945 14 39.366 14 37.564v-17.53-.03c.016-2.209 1.82-3.987 4.03-3.97l5.566.04.047-.083 7.608-13.064c1.433-2.46 4.42-3.544 7.097-2.574 2.577.932 3.95 3.742 3.101 6.348l-3.086 9.48z"></path><path fill="#FFF" d="M24 38.004H30V44.004H24z"></path><path fill="#F7EBDE" d="M27.1 18.004c-.709 1.286-2.065 2.08-3.533 2.07L18 20.034v17.53c3.28.9 8.184 1.373 14.635 1.373 4.159 0 6.303-.069 10.434-.208 2.17-.073 4.098-1.402 4.938-3.404.495-1.178 1.758-5.484 3.651-12.527.287-1.067-.345-2.164-1.412-2.45-.164-.045-.334-.068-.504-.07l-14.144-.114c-1.105-.01-1.993-.912-1.984-2.016.002-.205.035-.408.098-.603l3.933-12.082c.18-.554-.11-1.151-.659-1.35-.86-.31-1.818.038-2.278.828L27.1 18.004z"></path><path fill="#D2C8BD" d="M23.665 38.542c-2.753-.371-4.642-.697-5.665-.978v-17.53l5.567.04.098 18.468z"></path><circle cx="30" cy="40.904" r="2" fill="#454B54"></circle><circle cx="23.9" cy="40.584" r="2" fill="#454B54"></circle></g></svg></button><button type="button" class="SearchResultsFeedback_feedbackInteractionButton__zNzdP" style="transform:rotate(180deg)" data-testid="feedback-interaction-button-negative"><svg xmlns="http://www.w3.org/2000/svg" width="56" height="44" viewBox="0 0 56 44"><g fill="none"><g><path fill="#C7D7E2" d="M13.3 25.762c1.242 0 2.192-.941 2.192-2.172V4.77c0-1.23-1.023-2.243-2.338-2.243H2.704c-.292 0 0 23.307 0 23.307H13.3v-.072z" transform="translate(0 15.004)"></path><path fill="#4C4C4C" d="M13.3 27.933H2.63c-1.242 0-2.192-.94-2.192-2.171 0-1.23.95-2.172 2.193-2.172h10.596V4.77c0-.072-.073-.072-.146-.072H2.704c-1.242 0-2.192-.94-2.192-2.171 0-1.23.95-2.172 2.192-2.172h10.45c2.484 0 4.53 2.027 4.53 4.416v18.82c0 2.46-1.972 4.342-4.384 4.342z" transform="translate(0 15.004)"></path></g><path fill="#4C4C4C" d="M38.363 16.181l2.927.022 8.48.076c.512.004 1.02.073 1.515.206 3.2.86 5.097 4.151 4.236 7.351-1.954 7.271-3.23 11.617-3.825 13.037-1.445 3.442-4.761 5.728-8.492 5.854-4.176.14-6.366.21-10.569.21-6.778 0-12.01-.505-15.693-1.515C15.204 40.945 14 39.366 14 37.564v-17.53-.03c.016-2.209 1.82-3.987 4.03-3.97l5.566.04.047-.083 7.608-13.064c1.433-2.46 4.42-3.544 7.097-2.574 2.577.932 3.95 3.742 3.101 6.348l-3.086 9.48z"></path><path fill="#FFF" d="M24 38.004H30V44.004H24z"></path><path fill="#F7EBDE" d="M27.1 18.004c-.709 1.286-2.065 2.08-3.533 2.07L18 20.034v17.53c3.28.9 8.184 1.373 14.635 1.373 4.159 0 6.303-.069 10.434-.208 2.17-.073 4.098-1.402 4.938-3.404.495-1.178 1.758-5.484 3.651-12.527.287-1.067-.345-2.164-1.412-2.45-.164-.045-.334-.068-.504-.07l-14.144-.114c-1.105-.01-1.993-.912-1.984-2.016.002-.205.035-.408.098-.603l3.933-12.082c.18-.554-.11-1.151-.659-1.35-.86-.31-1.818.038-2.278.828L27.1 18.004z"></path><path fill="#D2C8BD" d="M23.665 38.542c-2.753-.371-4.642-.697-5.665-.978v-17.53l5.567.04.098 18.468z"></path><circle cx="30" cy="40.904" r="2" fill="#454B54"></circle><circle cx="23.9" cy="40.584" r="2" fill="#454B54"></circle></g></svg></button></div></div></div><div class="Pagination_paginationContainer__moOE5"><form method="post" action="/api/prg"><input type="hidden" name="redirectUrl" value="Iw"><button type="submit" class="PostRequestGetForm_PostRequestGetFormButton__9Sp2R PaginationArrow_paginationArrow__DXWng PaginationArrow_paginationArrowDisabled__F6yab PaginationArrow_paginationArrowFront__aKHcw">&lt;</button></form><div class="Pagination_paginationPagesContainer__b2Lv_ PaginationPagesList_paginationPagesContainer__1GeqL"><span class="PaginationPagesList_paginationPage__yuWIE PaginationPagesList_paginationPageActive__BLPwD PaginationPagesList_paginationPageLink__5r41e" page-index="1">1</span><form method="post" action="/api/prg"><input type="hidden" name="redirectUrl" value="aHR0cHM6Ly9zaG9wLnJld2UuZGUvYy9vYnN0LWdlbXVlc2UvP3BhZ2U9Mg"><button type="submit" class="PostRequestGetForm_PostRequestGetFormButton__9Sp2R PaginationPagesList_paginationPage__yuWIE PaginationPagesList_paginationPageLink__5r41e">2</button></form><form method="post" action="/api/prg"><input type="hidden" name="redirectUrl" value="aHR0cHM6Ly9zaG9wLnJld2UuZGUvYy9vYnN0LWdlbXVlc2UvP3BhZ2U9Mw"><button type="submit" class="PostRequestGetForm_PostRequestGetFormButton__9Sp2R PaginationPagesList_paginationPage__yuWIE PaginationPagesList_paginationPageLink__5r41e">3</button></form><span class="PaginationPagesList_paginationPage__yuWIE PaginationPagesList_paginationPageSpacer__qsPwd">…</span><form method="post" action="/api/prg"><input type="hidden" name="redirectUrl" value="aHR0cHM6Ly9zaG9wLnJld2UuZGUvYy9vYnN0LWdlbXVlc2UvP3BhZ2U9OA"><button type="submit" class="PostRequestGetForm_PostRequestGetFormButton__9Sp2R PaginationPagesList_paginationPage__yuWIE PaginationPagesList_paginationPageLink__5r41e">8</button></form></div><form method="post" action="/api/prg"><input type="hidden" name="redirectUrl" value="aHR0cHM6Ly9zaG9wLnJld2UuZGUvYy9vYnN0LWdlbXVlc2UvP3BhZ2U9Mg"><button type="submit" class="PostRequestGetForm_PostRequestGetFormButton__9Sp2R PaginationArrow_paginationArrow__DXWng PaginationArrow_paginationArrowEnabled___He_R PaginationArrow_paginationArrowBack__3_LbC">&gt;</button></form></div></div><div class="CategoryDescriptionText_CategoryDescriptionText__x6O5g"><h2>Obst und Gemüse – natürlich, lecker und gesund</h2><p>Obst und Gemüse gehören zur einer <a href="https://www.rewe.de/ernaehrung/ausgewogene-ernaehrung/">ausgewogenen Ernährung</a> dazu, da sind sich Ernährungswissenschaftler einig. Sowohl in Obst als auch in Gemüse sind viele Vitamine und Mineralstoffe enthalten, die der Mensch zum Leben braucht. Was genau drinsteckt, hängt von der jeweiligen Sorte ab. Darüber hinaus können Obst und Gemüse auf vielfältige Weise zubereitet werden – ob roh im <a href="https://shop.rewe.de/c/obst-gemuese-gemuese-salat/">Salat</a>, in einem vegetarischen Auflauf oder für nahrhafte Suppen. In der Obst- und Gemüseabteilung von REWE findest du Lebensmittel aus diesen Bereichen:</p><ul><li><a href="https://shop.rewe.de/c/obst-gemuese-gemuese/">Gemüse</a></li><li><a href="https://shop.rewe.de/c/obst-gemuese-obst/">Obst</a></li><li><a href="https://shop.rewe.de/c/obst-gemuese-trockenfruechte-kerne/">Trockenfrüchte &amp; Kerne</a></li><li><a href="https://shop.rewe.de/c/obst-gemuese-kraeuter/">Kräuter</a></li></ul><p>Viele Arten von Obst und Gemüse können roh verspeist und ebenso gut zum Kochen verwendet werden. Gemüse in verschiedener Form ist eine der beliebtesten Beilagen für Gerichte. Zur ersten Beikost, die man Babys geben darf, gehört Gemüse – darunter Karotten, Pastinaken oder Kürbis. Gemüse und Obst sättigen, schmecken gut und versorgen den Körper mit vielen wichtigen Vitalstoffen.</p><p>In einigen Fällen ist es gar nicht so einfach, Obst und Gemüse voneinander zu unterscheiden. Als Obst bezeichnet man roh genießbare Früchte oder Teile von Früchten wie beispielsweise Samen, die meist viel Wasser enthalten und an Bäumen, Sträuchern und mehrjährigen Stauden wachsen. Zu Gemüse zählen dagegen essbare Teile von Pflanzen wie Blätter, Knollen, Stängel oder Wurzeln, die roh, gekocht oder als Konserven eingelegt genossen werden können.</p><h3>Saft – Obst und Gemüse zum Trinken</h3><p>Ein Glas Saft ohne Zusätze schmeckt gut und stellt eine Möglichkeit dar, eine Portion Gemüse und Obst am Tag zu ersetzen. Obst und Gemüse entsaftest Du am besten mit einem Entsafter. Das Gerät presst Früchte und Gemüseteile effizienter aus, als es manuell je möglich wäre. Handelt es sich um Gemüse und Obst mit geringerem Wasseranteil, greifst du eher zum Stabmixer und pürierst alles zu einem vitaminreichen Smoothie, den du mit Beigabe von Wasser dünnflüssiger machen kannst. Beim Entsaften unterscheidet man übrigens grob zwischen dem Kaltentsaften und dem Heißentsaften. Beim Kaltentsaften wird den rohen Früchten der Saft entzogen, beim Heißentsaften kommt heißer Dampf zum Einsatz, der die Früchte sozusagen auflöst. Letztere Methode ist effizient, gerade, wenn du große Mengen Saft herstellen möchtest, allerdings gehen aufgrund der hohen Temperaturen Vitamine verloren.</p><p>Abhängig davon, welches Obst und Gemüse gerade Saison hat, gestaltet sich das Angebot in der Obst- und Gemüseabteilung. Im Sommer haben hierzulande beispielsweise <a href="https://shop.rewe.de/c/obst-gemuese-obst-steinobst-kirschen/">Kirschen</a>, Erdbeeren und Brombeeren Saison, im Herbst Kürbis und Pflaumen. Online findest du nützliche Obst- und Gemüsekalender, die Auskunft darüber geben, welche Sorten jeweils verfügbar sind. Frisches Gemüse und Obst, Kräuter und Trockenfrüchte bieten wir dir in großer Vielfalt bei REWE, darunter natürlich Produkte aus kontrolliert biologischem Anbau, wie z.B.&nbsp;<a href="https://shop.rewe.de/c/obst-gemuese-obst/?attribute=organic">Bio Obst</a> oder&nbsp;<a href="https://shop.rewe.de/c/obst-gemuese-trockenfruechte-kerne-trockenobst-datteln/?attribute=organic">Bio Datteln.</a></p></div></main></div><div class="ShippingInfoDialog_shippingModalBackground__Lw9bb" tabindex="0"></div></div></div></div><div><noscript></noscript><div id="ld-cll-linklist-wrapper"><div id="ld-cll-linklist-meso-content"><div class="ld-cll-linklist"><hr class="ld-cll-linklist-headline-separator"><div class="ld-cll-linklist-sections"><div class="ld-cll-linklist-section"><div class="ld-cll-linklist-section-sub-headline" role="heading" aria-level="4">Beliebtes Obst</div><div class="ld-cll-linklist-section-links"><div class="ld-cll-linklist-section-link-wrapper"><a href="https://shop.rewe.de/c/obst-gemuese-obst-aepfel/" class="ld-cll-linklist-section-link">Äpfel</a></div><div class="ld-cll-linklist-section-link-wrapper"><a href="https://shop.rewe.de/c/obst-gemuese-obst-bananen/" class="ld-cll-linklist-section-link">Bananen</a></div><div class="ld-cll-linklist-section-link-wrapper"><a href="https://shop.rewe.de/c/obst-gemuese-obst-trauben/" class="ld-cll-linklist-section-link">Trauben</a></div></div></div><div class="ld-cll-linklist-section"><div class="ld-cll-linklist-section-sub-headline" role="heading" aria-level="4">Beliebtes Gemüse</div><div class="ld-cll-linklist-section-links"><div class="ld-cll-linklist-section-link-wrapper"><a href="https://shop.rewe.de/c/obst-gemuese-gemuese-kartoffeln/" class="ld-cll-linklist-section-link">Kartoffeln</a></div><div class="ld-cll-linklist-section-link-wrapper"><a href="https://shop.rewe.de/c/obst-gemuese-gemuese-kohl-brokkoli/" class="ld-cll-linklist-section-link">Kohl &amp; Brokkoli</a></div><div class="ld-cll-linklist-section-link-wrapper"><a href="https://shop.rewe.de/c/obst-gemuese-gemuese-paprika-chili/" class="ld-cll-linklist-section-link">Paprika &amp; Chili</a></div><div id="ld-cll-linklist-section-links-collapse-wrapper-1" class="ld-cll-linklist-section-links-collapse-wrapper" data-section-index="1"><div class="ld-cll-linklist-section-link-wrapper"><a href="https://shop.rewe.de/c/obst-gemuese-gemuese-pilze/" class="ld-cll-linklist-section-link">Pilze</a></div><div class="ld-cll-linklist-section-link-wrapper"><a href="https://shop.rewe.de/c/obst-gemuese-gemuese-tomaten/" class="ld-cll-linklist-section-link">Tomaten</a></div></div><div class="ld-cll-linklist-section-button-wrapper"><button class="ld-cll-linklist-section-button" data-section-index="1"><span class="ld-cll-linklist-section-button-icon"><span id="ld-cll-linklist-section-button-icon-1"><svg class="ld-cll-icon-collapse ld-cll-icon ld-cll-icon-hidden" xmlns="http://www.w3.org/2000/svg" height="24" viewBox="0 0 24 24" width="24"><path d="M0 0h24v24H0z" fill="none"></path><path d="M12 8l-6 6 1.41 1.41L12 10.83l4.59 4.58L18 14z"></path></svg><svg class="ld-cll-icon-expand ld-cll-icon" xmlns="http://www.w3.org/2000/svg" height="24" viewBox="0 0 24 24" width="24"><path d="M0 0h24v24H0z" fill="none"></path><path d="M16.59 8.59L12 13.17 7.41 8.59 6 10l6 6 6-6z"></path></svg></span></span><span id="ld-cll-linklist-section-button-label-1" class="ld-cll-linklist-section-button-label">Mehr anzeigen</span></button></div></div></div><div class="ld-cll-linklist-section"><div class="ld-cll-linklist-section-sub-headline" role="heading" aria-level="4">Beliebte Kräuter</div><div class="ld-cll-linklist-section-links"><div class="ld-cll-linklist-section-link-wrapper"><a href="https://shop.rewe.de/c/obst-gemuese-kraeuter-minze/" class="ld-cll-linklist-section-link">Minze</a></div><div class="ld-cll-linklist-section-link-wrapper"><a href="https://shop.rewe.de/c/obst-gemuese-kraeuter-rosmarin/" class="ld-cll-linklist-section-link">Rosmarin</a></div><div class="ld-cll-linklist-section-link-wrapper"><a href="https://shop.rewe.de/c/obst-gemuese-kraeuter-salbei/" class="ld-cll-linklist-section-link">Salbei</a></div></div></div><div class="ld-cll-linklist-section"><div class="ld-cll-linklist-section-sub-headline" role="heading" aria-level="4">Trockenfrüchte &amp; Kerne</div><div class="ld-cll-linklist-section-links"><div class="ld-cll-linklist-section-link-wrapper"><a href="https://shop.rewe.de/c/obst-gemuese-trockenfruechte-kerne-trockenobst-cranberries/" class="ld-cll-linklist-section-link">Cranberries</a></div><div class="ld-cll-linklist-section-link-wrapper"><a href="https://shop.rewe.de/c/obst-gemuese-trockenfruechte-kerne-trockenobst-datteln/" class="ld-cll-linklist-section-link">Datteln</a></div><div class="ld-cll-linklist-section-link-wrapper"><a href="https://shop.rewe.de/c/obst-gemuese-trockenfruechte-kerne-kerne-kuerbiskerne/" class="ld-cll-linklist-section-link">Kürbiskerne</a></div><div id="ld-cll-linklist-section-links-collapse-wrapper-3" class="ld-cll-linklist-section-links-collapse-wrapper" data-section-index="3"><div class="ld-cll-linklist-section-link-wrapper"><a href="https://shop.rewe.de/c/obst-gemuese-trockenfruechte-kerne-kerne-pinienkerne/" class="ld-cll-linklist-section-link">Pinienkerne</a></div><div class="ld-cll-linklist-section-link-wrapper"><a href="https://shop.rewe.de/c/obst-gemuese-trockenfruechte-kerne-kerne-sonnenblumenkerne/" class="ld-cll-linklist-section-link">Sonnenblumenkerne</a></div><div class="ld-cll-linklist-section-link-wrapper"><a href="https://shop.rewe.de/c/obst-gemuese-trockenfruechte-kerne-trockenobst/" class="ld-cll-linklist-section-link">Trockenobst</a></div></div><div class="ld-cll-linklist-section-button-wrapper"><button class="ld-cll-linklist-section-button" data-section-index="3"><span class="ld-cll-linklist-section-button-icon"><span id="ld-cll-linklist-section-button-icon-3"><svg class="ld-cll-icon-collapse ld-cll-icon ld-cll-icon-hidden" xmlns="http://www.w3.org/2000/svg" height="24" viewBox="0 0 24 24" width="24"><path d="M0 0h24v24H0z" fill="none"></path><path d="M12 8l-6 6 1.41 1.41L12 10.83l4.59 4.58L18 14z"></path></svg><svg class="ld-cll-icon-expand ld-cll-icon" xmlns="http://www.w3.org/2000/svg" height="24" viewBox="0 0 24 24" width="24"><path d="M0 0h24v24H0z" fill="none"></path><path d="M16.59 8.59L12 13.17 7.41 8.59 6 10l6 6 6-6z"></path></svg></span></span><span id="ld-cll-linklist-section-button-label-3" class="ld-cll-linklist-section-button-label">Mehr anzeigen</span></button></div></div></div></div></div></div></div><div class="newsletterTeaser" data-newsletter-observer-attached=""><div class="newsletterTeaserContainer"><div class="newsletterTeaserLeft"><div class="newsletterTeaserHeader"><div class="newsletterTeaserIcon"><em class="newsletter"></em></div><div class="newsletterTeaserHeadline"><span>Dein REWE Newsletter</span></div></div><div class="newsletterTeaserSubtitle"><span>Angebote, Rezepte und Aktionen. Einfach in deinen Posteingang holen!</span></div><div><div class="newsletterTeaserError" id="newsletter-registration-teaser-error" data-show="false"><p>Es ist leider ein Fehler aufgetreten.</p><p>Versuch es später noch einmal.</p></div><button class="newsletterTeaserButton ripple newsletterRegistrationTrigger" type="button" data-tracking-id="teaser/default-teaser" data-touchpoint-id="40"><span>Zur Newsletter-Anmeldung</span></button></div><div class="newsletterTeaserTabLinks"><div class="newsletterTeaserTabLink"><a class="newsletterRegistrationTrigger" data-tracking-id="teaser/default-teaser" data-touchpoint-id="40" data-tab-index="1">Beispiel ansehen</a></div><div class="newsletterTeaserTabLink"><a class="newsletterRegistrationTrigger" data-tracking-id="teaser/default-teaser" data-touchpoint-id="40" data-tab-index="2">Fragen?</a></div></div></div><div class="newsletterTeaserRight"><div class="newsletterTeaserImage" data-newsletter-img="https://www.rewe.de/.imaging/png/dam/crmgrafiken/newsletter/overlay/nl-overlay-teaser_3.png"></div><div class="newsletterTeaserImage retina2x" data-newsletter-img="https://www.rewe.de/.imaging/png/dam/crmgrafiken/newsletter/overlay/nl-overlay-teaser-retina_3.png"></div></div></div></div><script>
            performance.mark('@REWE_FOOTER_start');
        </script><footer class="rdf-footer"><div class="rdf-footer-content"><div class="rdf-footer-grid"><div class="rdf-footer-grid-area-section-app-payment"><div class="rdf-footer-section rdf-footer-accordion"><h3 class="rdf-footer-accordion-heading" role="button" tabindex="0">Angebote
<img loading="lazy" class="rdf-footer-accordion-icon" alt="" src="https://shop.rewe-static.de/rewe-footer/ca6e228bc8c6e4ac307b7eec570389745e3b877f/img/icon-chevron-down.svg" aria-hidden="true" width="24px" height="24px"></h3><div class="rdf-footer-section-links"><a href="http://www.rewe.de/angebote" class="rdf-link">Angebote im Markt</a><a href="https://shop.rewe.de/angebote" class="rdf-link">Angebote im Lieferservice</a><a href="https://www.rewe.de/service/" class="rdf-link">Unsere Services</a><a href="https://www.rewe.de/payback/" class="rdf-link" target="_blank" rel="noreferrer noopener">PAYBACK</a><a href="https://www.rewe.de/aktionen/gewinnspiele/" class="rdf-link">Gewinnspiele</a><a href="https://produkttests.rewe.de/" class="rdf-link" target="_blank" rel="noreferrer noopener">REWE Produkttests</a></div></div><div class="rdf-footer-section rdf-footer-accordion"><h3 class="rdf-footer-accordion-heading" role="button" tabindex="0">Online Einkaufen
<img loading="lazy" class="rdf-footer-accordion-icon" alt="" src="https://shop.rewe-static.de/rewe-footer/ca6e228bc8c6e4ac307b7eec570389745e3b877f/img/icon-chevron-down.svg" aria-hidden="true" width="24px" height="24px"></h3><div class="rdf-footer-section-links"><a href="https://shop.rewe.de/" class="rdf-link">Lebensmittel online kaufen</a><a href="https://www.rewe.de/service/lebensmittel-lieferservice/" class="rdf-link">So funktioniert der Lieferservice</a><a href="https://www.rewe.de/service/abholservice/" class="rdf-link">Abholservice</a><a href="https://shop.rewe.de/allcategories" class="rdf-link" target="_blank" rel="noreferrer noopener">Produkt-Übersicht</a><a href="https://www.rewe.de/service/geschaeftskunden/bueroeinkauf/?icid=b2b_serviceseite_bueroeinkauf_button_footer_nn_nn_nn_nn" class="rdf-link" target="_blank" rel="noreferrer noopener">Für Geschäftskunden</a></div></div><div class="rdf-footer-section rdf-footer-accordion"><h3 class="rdf-footer-accordion-heading" role="button" tabindex="0">Über REWE
<img loading="lazy" class="rdf-footer-accordion-icon" alt="" src="https://shop.rewe-static.de/rewe-footer/ca6e228bc8c6e4ac307b7eec570389745e3b877f/img/icon-chevron-down.svg" aria-hidden="true" width="24px" height="24px"></h3><div class="rdf-footer-section-links"><a href="https://www.rewe.de/nachhaltigkeit/" class="rdf-link">Nachhaltigkeit</a><a href="https://www.rewe-group.com/de/unternehmen/" class="rdf-link" target="_blank" rel="noreferrer noopener">Das Unternehmen</a><a href="https://karriere.rewe.de/" class="rdf-link" target="_blank" rel="noreferrer noopener">Karriere</a><a href="https://karriere.rewe.de/ausbildung" class="rdf-link" target="_blank" rel="noreferrer noopener">Ausbildung</a><a href="https://mediacenter.rewe.de/" class="rdf-link">Presse</a><a href="https://www.rewe.de/service/kontakt/" class="rdf-link">Kontakt</a></div></div><div class="rdf-footer-section rdf-footer-accordion"><h3 class="rdf-footer-accordion-heading" role="button" tabindex="0">Hilfe &amp; Sonstiges
<img loading="lazy" class="rdf-footer-accordion-icon" alt="" src="https://shop.rewe-static.de/rewe-footer/ca6e228bc8c6e4ac307b7eec570389745e3b877f/img/icon-chevron-down.svg" aria-hidden="true" width="24px" height="24px"></h3><div class="rdf-footer-section-links"><a href="https://www.rewe.de/service/fragen-und-antworten/" class="rdf-link">Fragen und Antworten</a><a href="https://www.rewe.de/lexikon/" class="rdf-link">Lebensmittel-Lexikon</a><a href="https://www.rewe.de/service/inhaltsverzeichnis-rezepte/a/" class="rdf-link">Rezepte-Verzeichnis</a><a href="https://www.rewe.de/marktsuche/" class="rdf-link">Öffnungszeiten &amp; Marktsuche</a><a href="https://www.rewe.de/rezepte/was-koche-ich-heute/" class="rdf-link">Was koche ich heute</a><a href="https://www.rewe.de/ernaehrung/nutri-score/" class="rdf-link">Nutri-Score</a></div></div><div class="rdf-footer-partner-mobile"><div class="rdf-footer-partner rdf-footer-accordion"><h3 class="rdf-footer-accordion-heading" role="button" tabindex="0">Partnerangebote
<img loading="lazy" class="rdf-footer-accordion-icon" alt="" src="https://shop.rewe-static.de/rewe-footer/ca6e228bc8c6e4ac307b7eec570389745e3b877f/img/icon-chevron-down.svg" aria-hidden="true" width="24px" height="24px"></h3><div class="rdf-footer-section-links"><span class="rdf-footer-link"><a href="https://www.rewe-reisen.de/home.html?ecid=ooh_rewe_partnerlink_rewe-de_2upd-rewe-lh_nat-link-footer_all_nn_nn-nn-nn_nn" class="rdf-link" target="_blank" rel="noreferrer noopener">REWE Reisen</a></span><span class="rdf-footer-link"><a href="https://togo.rewe.de/" class="rdf-link" target="_blank" rel="noreferrer noopener">REWE To Go</a></span><span class="rdf-footer-link"><a href="https://kartenwelt.rewe.de/?pk_campaign=Startseite_REWE" class="rdf-link" target="_blank" rel="noreferrer noopener">REWE Kartenwelt</a></span><span class="rdf-footer-link"><a href="https://blumen.rewe.de/" class="rdf-link" target="_blank" rel="noreferrer noopener">REWE Blumen</a></span><span class="rdf-footer-link"><a href="https://foto.rewe.de/" class="rdf-link" target="_blank" rel="noreferrer noopener">REWE Foto</a></span><span class="rdf-footer-link"><a href="https://www.weinfreunde.de/" class="rdf-link" target="_blank" rel="noreferrer noopener">Weinfreunde</a></span><span class="rdf-footer-link"><a href="http://www.zooroyal.de/" class="rdf-link" target="_blank" rel="noreferrer noopener">ZooRoyal</a></span><span class="rdf-footer-link"><a href="https://www.koelner-weinkeller.de/" class="rdf-link" target="_blank" rel="noreferrer noopener">Kölner Weinkeller</a></span></div></div></div><div class="rdf-footer-app"><h3>REWE App</h3><a href="https://app.adjust.com/jsr?url=https%3A%2F%2Fj89v.adj.st%3Fadj_t%3Dflj58c5%26adj_label%3DONS" title="Apple App Store" target="_blank" rel="noopener noreferrer" class="rdf-link"><img loading="lazy" alt="" src="https://shop.rewe-static.de/rewe-footer/ca6e228bc8c6e4ac307b7eec570389745e3b877f/img/apple-store-banner.svg" aria-hidden="true"></a><a href="https://app.adjust.com/jsr?url=https%3A%2F%2Fj89v.adj.st%3Fadj_t%3Dflj58c5%26adj_fallback%3Dhttps%253A%252F%252Fplay.google.com%252Fstore%252Fapps%252Fdetails%253Fid%253Dde.rewe.app.mobile%26adj_redirect_macos%3Dhttps%253A%252F%252Fplay.google.com%252Fstore%252Fapps%252Fdetails%253Fid%253Dde.rewe.app.mobile%26adj_label%3DONS" title="Google Play Store" target="_blank" rel="noopener noreferrer" class="rdf-link"><img loading="lazy" alt="" src="https://shop.rewe-static.de/rewe-footer/ca6e228bc8c6e4ac307b7eec570389745e3b877f/img/google-play-banner.svg" aria-hidden="true"></a></div><div class="rdf-footer-payment"><h3>Zahlungsarten</h3><span><img loading="lazy" alt="visa" src="https://shop.rewe-static.de/rewe-footer/ca6e228bc8c6e4ac307b7eec570389745e3b877f/img/assets-payment-asset-visa.svg"></span><span><img loading="lazy" alt="paypal" src="https://shop.rewe-static.de/rewe-footer/ca6e228bc8c6e4ac307b7eec570389745e3b877f/img/assets-payment-asset-paypal.svg"></span><span><img loading="lazy" alt="mastercard" src="https://shop.rewe-static.de/rewe-footer/ca6e228bc8c6e4ac307b7eec570389745e3b877f/img/assets-payment-asset-mastercard.svg"></span><span><img loading="lazy" alt="american-express" src="https://shop.rewe-static.de/rewe-footer/ca6e228bc8c6e4ac307b7eec570389745e3b877f/img/assets-payment-asset-american-express.svg"></span><span><img loading="lazy" alt="rechnung" src="https://shop.rewe-static.de/rewe-footer/ca6e228bc8c6e4ac307b7eec570389745e3b877f/img/assets-payment-asset-rechnung.svg"></span></div></div><div class="rdf-footer-grid-area-legal"><div class="rdf-footer-legal" aria-label="Rechtliches"><span class="rdf-footer-link"><a href="https://www.rewe.de/service/agb/" class="rdf-link">AGB</a></span><span class="rdf-footer-link"><a href="https://www.rewe.de/service/datenschutz/" class="rdf-link" target="_blank" rel="noreferrer noopener">Datenschutz</a></span><span class="rdf-footer-link"><a href="https://www.rewe.de/service/impressum/" class="rdf-link">Impressum</a></span><span class="rdf-footer-link"><a href="https://www.rewe.de/service/nutzungsbedingungen/" class="rdf-link">Nutzungsbedingungen</a></span><span class="rdf-footer-link"><a href="#uc-corner-modal-show" class="rdf-link">Privatsphäre-Einstellungen</a></span><span class="rdf-footer-link"><a href="https://www.rewe.de/service/hinweise-batteriegesetz/" class="rdf-link">Hinweis nach BattG</a></span><span class="rdf-footer-link"><a href="https://www.rewe.de/service/hinweise-elektro-elektronikgeraetegesetz/" class="rdf-link">Hinweis auf ElektroG</a></span><span class="rdf-footer-link"><a href="https://www.rewe.de/service/konformitaetserklaerung/" class="rdf-link">Konformitätserklärungen</a></span></div></div><div class="rdf-footer-grid-area-partner" aria-label="Partnerangebote"><div class="rdf-footer-partner rdf-footer-accordion"><h3 class="rdf-footer-accordion-heading" role="button" tabindex="0">Partnerangebote
<img loading="lazy" class="rdf-footer-accordion-icon" alt="" src="https://shop.rewe-static.de/rewe-footer/ca6e228bc8c6e4ac307b7eec570389745e3b877f/img/icon-chevron-down.svg" aria-hidden="true" width="24px" height="24px"></h3><div class="rdf-footer-section-links"><span class="rdf-footer-link"><a href="https://www.rewe-reisen.de/home.html?ecid=ooh_rewe_partnerlink_rewe-de_2upd-rewe-lh_nat-link-footer_all_nn_nn-nn-nn_nn" class="rdf-link" target="_blank" rel="noreferrer noopener">REWE Reisen</a></span><span class="rdf-footer-link"><a href="https://togo.rewe.de/" class="rdf-link" target="_blank" rel="noreferrer noopener">REWE To Go</a></span><span class="rdf-footer-link"><a href="https://kartenwelt.rewe.de/?pk_campaign=Startseite_REWE" class="rdf-link" target="_blank" rel="noreferrer noopener">REWE Kartenwelt</a></span><span class="rdf-footer-link"><a href="https://blumen.rewe.de/" class="rdf-link" target="_blank" rel="noreferrer noopener">REWE Blumen</a></span><span class="rdf-footer-link"><a href="https://foto.rewe.de/" class="rdf-link" target="_blank" rel="noreferrer noopener">REWE Foto</a></span><span class="rdf-footer-link"><a href="https://www.weinfreunde.de/" class="rdf-link" target="_blank" rel="noreferrer noopener">Weinfreunde</a></span><span class="rdf-footer-link"><a href="http://www.zooroyal.de/" class="rdf-link" target="_blank" rel="noreferrer noopener">ZooRoyal</a></span><span class="rdf-footer-link"><a href="https://www.koelner-weinkeller.de/" class="rdf-link" target="_blank" rel="noreferrer noopener">Kölner Weinkeller</a></span></div></div></div></div><div class="rdf-footer-footnotes" aria-label="Fußnotentext"><p>Alle Preise in Euro (€) inkl. gesetzlicher Mehrwertsteuer, zuzüglich Versandkosten, Pfand und optionaler
Servicegebühren.</p><p>* Die dargestellten Angebote sind unter Umständen nicht in allen Märkten verfügbar.
In Einzelfällen können die Preise zudem von den online bestellbaren Angeboten unter https://shop.rewe.de
abweichen. </p><div class="rdf-footer-footnotes__bio"><div><img loading="lazy" alt="EU-Bio-Siegel" src="https://shop.rewe-static.de/rewe-footer/ca6e228bc8c6e4ac307b7eec570389745e3b877f/img/bio-logo-only.svg" aria-hidden="true" width="73" height="48.156"></div><div><span> Bio-Zertifizierung
</span><span> DE-ÖKO-006
</span></div></div></div></div></footer><script>
            performance.mark('@REWE_FOOTER_end');
            performance.measure('@REWE_FOOTER_duration', '@REWE_FOOTER_start', '@REWE_FOOTER_end');
        </script></div><div><textarea class="add-to-cart-template" style="display: none">&lt;meso-data id="a41ff8f1-ead6-495c-a04b-9455ea127db8" data-favorite-url="http://rewe-shopping-list-service/views/add-to-shoppinglist-button" data-listingid="@@data-meso-listingid@@" data-productid="@@data-meso-productid@@" data-amount="1"&gt;&lt;!-- FIXME include bubble only once --&gt;&lt;div class="bs_add2cart_container"&gt;&lt;div class="lrms-favorite-button-container"&gt;&lt;/div&gt;&lt;script type="application/json" class="favoritebutton-propstore"&gt;{"additionalUiData":{"assetBaseUrl":"https://shop.rewe-static.de/rewe-myproducts/1460f8b0a79573560094733389e74ebb95f3137b","staticAssetBaseUrl":"https://shop.rewe-static.de/rewe-myproducts","favoritesBaseUrl":"/api/favorites","anonymousFavoritesBaseUrl":"/api/anonymousfavorites"},"testgroups":["MENGENRABATTIERUNG","HIDE_REGULAR_PRICE"],"togglz":[]}&lt;/script&gt;&lt;!-- //NOSONAR --&gt;&lt;!-- //NOSONAR --&gt;&lt;div class="bs_amount-handler bs_add2cart bs_amount-zero" data-is-initialized="false"&gt;&lt;button class="basket-button bs_amount-minus basket_ripple" disabled&gt;&lt;/button&gt;&lt;input type="number" pattern="[0-9]*" value="0" class="basket-input bs_amount-input"
                               autocomplete="off"&gt;&lt;button class="basket-button bs_amount-plus basket_ripple"
                                aria-label="Artikel zum Warenkorb hinzufügen"&gt;&lt;/button&gt;&lt;/div&gt;&lt;/div&gt;&lt;script type="text/javascript"&gt;
                    if (!window.ReweBasket) {
                        window.ReweBasket = {}
                    }
                &lt;/script&gt;&lt;script type="text/javascript"&gt;
                    (function () {
                      var event = 'basket:addToBasketbuttonV2Render';
                      var customEvent;
                      var data = {};
                      if (typeof CustomEvent === 'function') {
                          customEvent = new CustomEvent(event, {detail: data});
                      } else {
                          customEvent = document.createEvent('CustomEvent');
                          customEvent.initCustomEvent(event, false, false, data);
                      }
                      document.dispatchEvent(customEvent);
                    })();
                &lt;/script&gt;&lt;/meso-data&gt;</textarea><script type="application/json" id="pdr-internaldata-propstore">{"includeUrls":{"basketIncludeUrl":"http://rewe-basket/ui/add-to-basket-button-v2","favoriteIncludeUrl":"http://rewe-myproducts/ui/favorite-button","selectLocationIncludeUrl":"http://market-chooser/ui/market-chooser-button","tileIncludeUrl":"http://product-details-renderer/ui/@@type@@/@@id@@?context=null&serviceTypes=PICKUP"},"tilesDataUrl":"/api/product-tiles?@@ids@@&context=tile&serviceTypes=PICKUP","context":null,"trackingPosition":null,"trackingContextName":null,"appearance":"vertical","productType":"default","checkoutConstrains":false,"testGroups":["abholservice-reloaded","ini-3678-dismantling-marketplace","ini-3812-hide-regular-price","mengenrabattierung","mobile-payback-apiKey","new-navigation-tracking","offer-details-tracking","payback-card-change","payback-ecoupon-api","payback-evoucher","payback-rewe-newsletter","payback-targeted-bonus-coupon","payback-targeted-burn","payback-voucher-wall","productlist-citrusad","productlist-funneling-zero-results-parcel-check","productlist-gam","productlist-navigation-tracking","productlist-new-deals-page","rewe-sso","wookiees-pickup-page"],"serviceTypes":["PICKUP"],"marketCode":"565297","isLoggedIn":false}</script></div></div></div><script id="__NEXT_DATA__" type="application/json">{"props":{"pageProps":{"model":{"type":"SEARCH_RESULT","search":{"term":"*","sorting":"RELEVANCE_DESC","autoCorrect":{"originalSearchTerm":"*"},"marketCode":"565297","serviceTypes":["PICKUP"],"selectedFacets":{"category":["Obst \u0026 Gemüse"]},"locale":"de-DE","debugMode":false,"activeCategorySlug":"obst-gemuese"},"pagination":{"page":1,"totalPages":8,"objectsPerPage":40,"totalResultCount":285},"facets":[{"name":"CATEGORY","label":"Kategorien","displayType":"NAV","facetConstraints":[{"name":"Obst \u0026 Gemüse","label":"Obst \u0026 Gemüse","count":285,"applied":true,"facetFilterQuery":"category=Obst%20%26%20Gem%C3%BCse","slug":"obst-gemuese","isMaskedLink":false,"subFacetConstraints":[{"name":"Gemüse","label":"Gemüse","count":135,"applied":false,"facetFilterQuery":"category=Obst%20%26%20Gem%C3%BCse/Gem%C3%BCse","slug":"obst-gemuese-gemuese","isMaskedLink":false},{"name":"Kräuter","label":"Kräuter","count":16,"applied":false,"facetFilterQuery":"category=Obst%20%26%20Gem%C3%BCse/Kr%C3%A4uter","slug":"obst-gemuese-kraeuter","isMaskedLink":false},{"name":"Obst","label":"Obst","count":81,"applied":false,"facetFilterQuery":"category=Obst%20%26%20Gem%C3%BCse/Obst","slug":"obst-gemuese-obst","isMaskedLink":false},{"name":"Trockenfrüchte \u0026 Kerne","label":"Trockenfrüchte \u0026 Kerne","count":53,"applied":false,"facetFilterQuery":"category=Obst%20%26%20Gem%C3%BCse/Trockenfr%C3%BCchte%20%26%20Kerne","slug":"obst-gemuese-trockenfruechte-kerne","isMaskedLink":false}]}],"parameterNames":{"type":"SINGLE","name":"categorySlug"}},{"name":"ATTRIBUTE","label":"Eigenschaften","displayType":"SIMPLE","resetFacetFilterGroupQuery":"category=Obst%20%26%20Gem%C3%BCse","facetConstraints":[{"name":"discounted","label":"Angebote","count":15,"applied":false,"facetFilterQuery":"category=Obst%20%26%20Gem%C3%BCse\u0026attribute=discounted","isMaskedLink":false},{"name":"organic","label":"Bio","count":46,"applied":false,"facetFilterQuery":"category=Obst%20%26%20Gem%C3%BCse\u0026attribute=organic","isMaskedLink":false}],"parameterNames":{"type":"SINGLE","name":"attribute"}},{"name":"BRAND","label":"Marken","displayType":"FILTER","resetFacetFilterGroupQuery":"category=Obst%20%26%20Gem%C3%BCse","facetConstraints":[{"name":"ja!","label":"ja!","count":9,"applied":false,"facetFilterQuery":"category=Obst%20%26%20Gem%C3%BCse\u0026brand=ja!","isMaskedLink":false},{"name":"REWE Beste Wahl","label":"REWE Beste Wahl","count":19,"applied":false,"facetFilterQuery":"category=Obst%20%26%20Gem%C3%BCse\u0026brand=REWE%20Beste%20Wahl","isMaskedLink":false},{"name":"REWE Bio","label":"REWE Bio","count":27,"applied":false,"facetFilterQuery":"category=Obst%20%26%20Gem%C3%BCse\u0026brand=REWE%20Bio","isMaskedLink":false},{"name":"REWE Feine Welt","label":"REWE Feine Welt","count":1,"applied":false,"facetFilterQuery":"category=Obst%20%26%20Gem%C3%BCse\u0026brand=REWE%20Feine%20Welt","isMaskedLink":false},{"name":"Bonduelle","label":"Bonduelle","count":1,"applied":false,"facetFilterQuery":"category=Obst%20%26%20Gem%C3%BCse\u0026brand=Bonduelle","isMaskedLink":false},{"name":"Chiquita","label":"Chiquita","count":1,"applied":false,"facetFilterQuery":"category=Obst%20%26%20Gem%C3%BCse\u0026brand=Chiquita","isMaskedLink":false},{"name":"CLASEN","label":"CLASEN","count":6,"applied":false,"facetFilterQuery":"category=Obst%20%26%20Gem%C3%BCse\u0026brand=CLASEN","isMaskedLink":false},{"name":"Dovgan","label":"Dovgan","count":1,"applied":false,"facetFilterQuery":"category=Obst%20%26%20Gem%C3%BCse\u0026brand=Dovgan","isMaskedLink":false},{"name":"Edle Ernte","label":"Edle Ernte","count":1,"applied":false,"facetFilterQuery":"category=Obst%20%26%20Gem%C3%BCse\u0026brand=Edle%20Ernte","isMaskedLink":false},{"name":"Farmer's Snack","label":"Farmer's Snack","count":6,"applied":false,"facetFilterQuery":"category=Obst%20%26%20Gem%C3%BCse\u0026brand=Farmer's%20Snack","isMaskedLink":false},{"name":"Florette","label":"Florette","count":5,"applied":false,"facetFilterQuery":"category=Obst%20%26%20Gem%C3%BCse\u0026brand=Florette","isMaskedLink":false},{"name":"Fruit King","label":"Fruit King","count":1,"applied":false,"facetFilterQuery":"category=Obst%20%26%20Gem%C3%BCse\u0026brand=Fruit%20King","isMaskedLink":false},{"name":"Kluth","label":"Kluth","count":3,"applied":false,"facetFilterQuery":"category=Obst%20%26%20Gem%C3%BCse\u0026brand=Kluth","isMaskedLink":false},{"name":"Maryland","label":"Maryland","count":1,"applied":false,"facetFilterQuery":"category=Obst%20%26%20Gem%C3%BCse\u0026brand=Maryland","isMaskedLink":false},{"name":"Ready to eat","label":"Ready to eat","count":3,"applied":false,"facetFilterQuery":"category=Obst%20%26%20Gem%C3%BCse\u0026brand=Ready%20to%20eat","isMaskedLink":false},{"name":"REWE","label":"REWE","count":2,"applied":false,"facetFilterQuery":"category=Obst%20%26%20Gem%C3%BCse\u0026brand=REWE","isMaskedLink":false},{"name":"REWE Regional","label":"REWE Regional","count":2,"applied":false,"facetFilterQuery":"category=Obst%20%26%20Gem%C3%BCse\u0026brand=REWE%20Regional","isMaskedLink":false},{"name":"REWE to go","label":"REWE to go","count":14,"applied":false,"facetFilterQuery":"category=Obst%20%26%20Gem%C3%BCse\u0026brand=REWE%20to%20go","isMaskedLink":false},{"name":"Seeberger","label":"Seeberger","count":17,"applied":false,"facetFilterQuery":"category=Obst%20%26%20Gem%C3%BCse\u0026brand=Seeberger","isMaskedLink":false},{"name":"Valensina","label":"Valensina","count":1,"applied":false,"facetFilterQuery":"category=Obst%20%26%20Gem%C3%BCse\u0026brand=Valensina","isMaskedLink":false}],"parameterNames":{"type":"SINGLE","name":"brand"}},{"name":"MERCHANT_NAME","label":"Anbieter","displayType":"FILTER","resetFacetFilterGroupQuery":"category=Obst%20%26%20Gem%C3%BCse","facetConstraints":[{"name":"REWE","label":"REWE","count":285,"applied":false,"facetFilterQuery":"category=Obst%20%26%20Gem%C3%BCse\u0026merchant=REWE","isMaskedLink":false}],"parameterNames":{"type":"SINGLE","name":"merchant"}},{"name":"TASTE_FOOD","label":"Schmeckt zu","displayType":"FILTER","resetFacetFilterGroupQuery":"category=Obst%20%26%20Gem%C3%BCse","parameterNames":{"type":"SINGLE","name":"tasteFood"}},{"name":"REUSABLE_CONTAINER","label":"Einweg/Mehrweg","displayType":"FILTER","resetFacetFilterGroupQuery":"category=Obst%20%26%20Gem%C3%BCse","parameterNames":{"type":"SINGLE","name":"reusableContainer"}}],"_embedded":{"products":[{"id":"5825563","productGroupId":"5825563","nan":"5825563","version":18,"productName":"Apfel Braeburn rot ca. 200g","attributes":{},"brand":{"name":null},"media":{"images":[{"_links":{"self":{"href":"https://img.rewe-static.de/5825563/24568906_digital-image.png"}}}]},"_embedded":{"articles":[{"id":"25825565","version":90578,"gtin":"25825565","_embedded":{"listing":{"id":"8-25825565-d1d1e1d1-b919-4288-879f-a0361c836ff4","version":1000185,"pricing":{"currentRetailPrice":60,"minRetailPrice":60,"maxRetailPrice":60,"currency":"EUR","basePrice":299,"baseUnit":{"KG":1},"grammage":"1 Stück ca. 200 g (1 kg = 2,99 €)"},"limitations":{"orderLimit":99}},"store":{"id":"d1d1e1d1-b919-4288-879f-a0361c836ff4","version":30},"merchant":{"id":"rewe-online-services","version":55048,"name":"REWE","type":"REWE","logo":"https://a.rewe-static.de/partnerlogos/rewe/REWE_mp.png"}}}],"categories":[{"id":"1","primary":false},{"id":"51","primary":false},{"id":"52","primary":true}]},"hasVariants":false,"hasDiverseVariantPrices":false,"shouldDetailsLinkBeMasked":false,"_links":{"detail":{"href":"/p/apfel-braeburn-rot-ca-200g/5825563"}}},{"id":"1428871","productGroupId":"1428871","nan":"1428871","version":67,"productName":"Apfel Jazz Scifresh ca. 960g in der Schale","attributes":{},"brand":{"name":null},"media":{"images":[{"_links":{"self":{"href":"https://img.rewe-static.de/1428871/23271235_digital-image.png"}}}]},"_embedded":{"articles":[{"id":"21428876","version":143529,"gtin":"21428876","_embedded":{"listing":{"id":"8-21428876-d1d1e1d1-b919-4288-879f-a0361c836ff4","version":1000353,"pricing":{"currentRetailPrice":369,"minRetailPrice":369,"maxRetailPrice":369,"currency":"EUR","grammage":"1 Stück"},"limitations":{"orderLimit":99}},"store":{"id":"d1d1e1d1-b919-4288-879f-a0361c836ff4","version":30},"merchant":{"id":"rewe-online-services","version":55048,"name":"REWE","type":"REWE","logo":"https://a.rewe-static.de/partnerlogos/rewe/REWE_mp.png"}}}],"categories":[{"id":"1","primary":false},{"id":"51","primary":false},{"id":"52","primary":true}]},"hasVariants":false,"hasDiverseVariantPrices":false,"shouldDetailsLinkBeMasked":false,"_links":{"detail":{"href":"/p/apfel-jazz-scifresh-ca-960g-in-der-schale/1428871"}},"advertisement":{"source":"CITRUSAD","id":"display_l-hidxre6VBDfVYHaU8kHhdn7TEKCQoHMTQyODg3MRIAGgwIvKWKmgYQ4dvEzAIiAggB"}},{"id":"7230923","productGroupId":"7230923","nan":"7230923","version":35,"productName":"Chiquita Banane ca. 200g","attributes":{"tags":{"discounted":{"label":"Angebote"}}},"brand":{"name":"Chiquita"},"media":{"images":[{"_links":{"self":{"href":"https://img.rewe-static.de/7230923/24568904_digital-image.png"}}}]},"_embedded":{"articles":[{"id":"27230923","version":152161,"gtin":"27230923","_embedded":{"listing":{"id":"8-27230923-d1d1e1d1-b919-4288-879f-a0361c836ff4","version":1000325,"pricing":{"currentRetailPrice":32,"minRetailPrice":32,"maxRetailPrice":32,"currency":"EUR","basePrice":159,"baseUnit":{"KG":1},"discount":{"regularPrice":40,"discountRate":20,"validFrom":null,"validTo":"2022-10-15T00:00:00MESZ"},"grammage":"1 Stück ca. 200 g (1 kg = 1,59 €)"},"limitations":{"orderLimit":15}},"store":{"id":"d1d1e1d1-b919-4288-879f-a0361c836ff4","version":30},"merchant":{"id":"rewe-online-services","version":55048,"name":"REWE","type":"REWE","logo":"https://a.rewe-static.de/partnerlogos/rewe/REWE_mp.png"}}}],"categories":[{"id":"1","primary":false},{"id":"51","primary":false},{"id":"54","primary":true}]},"hasVariants":false,"hasDiverseVariantPrices":false,"shouldDetailsLinkBeMasked":false,"_links":{"detail":{"href":"/p/chiquita-banane-ca-200g/7230923"}},"advertisement":{"source":"CITRUSAD","id":"display_KqUuNNXyJY9Fzii9BYvz3emESokKCQoHNzIzMDkyMxIAGgwIvKWKmgYQ3rHHzAIiAggB"}},{"id":"1907459","productGroupId":"1907459","nan":"1907459","version":25,"productName":"Apfel Pink Lady 6 Stück in der Schale","attributes":{},"brand":{"name":null},"media":{"images":[{"_links":{"self":{"href":"https://img.rewe-static.de/1907459/23271229_digital-image.png"}}}]},"_embedded":{"articles":[{"id":"23320208","version":62429,"gtin":"23320208","_embedded":{"listing":{"id":"8-23320208-d1d1e1d1-b919-4288-879f-a0361c836ff4","version":1000362,"pricing":{"currentRetailPrice":299,"minRetailPrice":299,"maxRetailPrice":299,"currency":"EUR","grammage":"1 Stück"},"limitations":{"orderLimit":99}},"store":{"id":"d1d1e1d1-b919-4288-879f-a0361c836ff4","version":30},"merchant":{"id":"rewe-online-services","version":55048,"name":"REWE","type":"REWE","logo":"https://a.rewe-static.de/partnerlogos/rewe/REWE_mp.png"}}}],"categories":[{"id":"1","primary":false},{"id":"51","primary":false},{"id":"52","primary":true}]},"hasVariants":false,"hasDiverseVariantPrices":false,"shouldDetailsLinkBeMasked":false,"_links":{"detail":{"href":"/p/apfel-pink-lady-6-stueck-in-der-schale/1907459"}}},{"id":"8179366","productGroupId":"8179366","nan":"8179366","version":28,"productName":"Apfel Snack Gala 1kg","attributes":{},"brand":{"name":null},"media":{"images":[{"_links":{"self":{"href":"https://img.rewe-static.de/8179366/28045563_digital-image.png"}}}]},"_embedded":{"articles":[{"id":"28263715","version":67295,"gtin":"28263715","_embedded":{"listing":{"id":"8-28263715-d1d1e1d1-b919-4288-879f-a0361c836ff4","version":1000313,"pricing":{"currentRetailPrice":359,"minRetailPrice":359,"maxRetailPrice":359,"currency":"EUR","grammage":"1 Stück"},"limitations":{"orderLimit":99}},"store":{"id":"d1d1e1d1-b919-4288-879f-a0361c836ff4","version":30},"merchant":{"id":"rewe-online-services","version":55048,"name":"REWE","type":"REWE","logo":"https://a.rewe-static.de/partnerlogos/rewe/REWE_mp.png"}}}],"categories":[{"id":"1","primary":false},{"id":"51","primary":false},{"id":"52","primary":true}]},"hasVariants":false,"hasDiverseVariantPrices":false,"shouldDetailsLinkBeMasked":false,"_links":{"detail":{"href":"/p/apfel-snack-gala-1kg/8179366"}}},{"id":"8365705","productGroupId":"8365705","nan":"8365705","version":29,"productName":"Apfel rot 2kg","attributes":{},"brand":{"name":null},"media":{"images":[{"_links":{"self":{"href":"https://img.rewe-static.de/8365705/31705328_digital-image.png"}}}]},"_embedded":{"articles":[{"id":"05N7RHHN","version":84473,"gtin":"4021747286638","_embedded":{"listing":{"id":"8-05N7RHHN-d1d1e1d1-b919-4288-879f-a0361c836ff4","version":1000315,"pricing":{"currentRetailPrice":249,"minRetailPrice":249,"maxRetailPrice":249,"currency":"EUR","basePrice":125,"baseUnit":{"KG":1},"grammage":"2kg (1 kg = 1,25 €)"},"limitations":{"orderLimit":99}},"store":{"id":"d1d1e1d1-b919-4288-879f-a0361c836ff4","version":30},"merchant":{"id":"rewe-online-services","version":55048,"name":"REWE","type":"REWE","logo":"https://a.rewe-static.de/partnerlogos/rewe/REWE_mp.png"}}}],"categories":[{"id":"1","primary":false},{"id":"51","primary":false},{"id":"52","primary":true}]},"hasVariants":false,"hasDiverseVariantPrices":false,"shouldDetailsLinkBeMasked":false,"_links":{"detail":{"href":"/p/apfel-rot-2kg/8365705"}}},{"id":"151854","productGroupId":"151854","nan":"151854","version":57,"productName":"Avocado Hass essreif 1 Stück","attributes":{"tags":{"discounted":{"label":"Angebote"}}},"brand":{"name":null},"media":{"images":[{"_links":{"self":{"href":"https://img.rewe-static.de/0151854/25018105_digital-image.png"}}}]},"_embedded":{"articles":[{"id":"8717428071131","version":245296,"gtin":"8717428071131","_embedded":{"listing":{"id":"13-8717428071131-d1d1e1d1-b919-4288-879f-a0361c836ff4","version":1000485,"pricing":{"currentRetailPrice":89,"minRetailPrice":89,"maxRetailPrice":89,"currency":"EUR","discount":{"regularPrice":109,"discountRate":18,"validFrom":null,"validTo":"2022-10-15T00:00:00MESZ"},"grammage":"1 Stück"},"limitations":{"orderLimit":15}},"store":{"id":"d1d1e1d1-b919-4288-879f-a0361c836ff4","version":30},"merchant":{"id":"rewe-online-services","version":55048,"name":"REWE","type":"REWE","logo":"https://a.rewe-static.de/partnerlogos/rewe/REWE_mp.png"}}}],"categories":[{"id":"1","primary":false},{"id":"51","primary":false},{"id":"53","primary":true}]},"hasVariants":false,"hasDiverseVariantPrices":false,"shouldDetailsLinkBeMasked":false,"_links":{"detail":{"href":"/p/avocado-hass-essreif-1-stueck/151854"}}},{"id":"1930502","productGroupId":"1930502","nan":"1930502","version":21,"productName":"Bio Banane ca. 200g","attributes":{"tags":{"organic":{"label":"Bio"}}},"brand":{"name":"REWE Bio"},"media":{"images":[{"_links":{"self":{"href":"https://img.rewe-static.de/1930502/24568902_digital-image.png"}}}]},"_embedded":{"articles":[{"id":"23376267","version":80309,"gtin":"23376267","_embedded":{"listing":{"id":"8-23376267-d1d1e1d1-b919-4288-879f-a0361c836ff4","version":1000262,"pricing":{"currentRetailPrice":38,"minRetailPrice":38,"maxRetailPrice":38,"currency":"EUR","basePrice":189,"baseUnit":{"KG":1},"grammage":"1 Stück ca. 200 g (1 kg = 1,89 €)"},"limitations":{"orderLimit":199}},"store":{"id":"d1d1e1d1-b919-4288-879f-a0361c836ff4","version":30},"merchant":{"id":"rewe-online-services","version":55048,"name":"REWE","type":"REWE","logo":"https://a.rewe-static.de/partnerlogos/rewe/REWE_mp.png"}}}],"categories":[{"id":"1","primary":false},{"id":"51","primary":false},{"id":"54","primary":true}]},"hasVariants":false,"hasDiverseVariantPrices":false,"shouldDetailsLinkBeMasked":false,"_links":{"detail":{"href":"/p/bio-banane-ca-200g/1930502"}}},{"id":"8108440","productGroupId":"8108440","nan":"8108440","version":23,"productName":"Bio Kartoffeln vorwiegend festkochend 1,5kg","attributes":{"tags":{"organic":{"label":"Bio"}}},"brand":{"name":null},"media":{"images":[{"_links":{"self":{"href":"https://img.rewe-static.de/8108440/30644913_digital-image.png"}}}]},"_embedded":{"articles":[{"id":"28085225","version":39097,"gtin":"28085225","_embedded":{"listing":{"id":"8-28085225-d1d1e1d1-b919-4288-879f-a0361c836ff4","version":1000167,"pricing":{"currentRetailPrice":249,"minRetailPrice":249,"maxRetailPrice":249,"currency":"EUR","basePrice":166,"baseUnit":{"KG":1},"grammage":"1,50kg (1 kg = 1,66 €)"},"limitations":{"orderLimit":99}},"store":{"id":"d1d1e1d1-b919-4288-879f-a0361c836ff4","version":30},"merchant":{"id":"rewe-online-services","version":55048,"name":"REWE","type":"REWE","logo":"https://a.rewe-static.de/partnerlogos/rewe/REWE_mp.png"}}}],"categories":[{"id":"1","primary":false},{"id":"2","primary":false},{"id":"7","primary":true}]},"hasVariants":false,"hasDiverseVariantPrices":false,"shouldDetailsLinkBeMasked":false,"_links":{"detail":{"href":"/p/bio-kartoffeln-vorwiegend-festkochend-1-5kg/8108440"}}},{"id":"5800","productGroupId":"5800","nan":"5800","version":31,"productName":"Birne Abate Fetel ca. 200g","attributes":{},"brand":{"name":null},"media":{"images":[{"_links":{"self":{"href":"https://img.rewe-static.de/0005800/24569368_digital-image.png"}}}]},"_embedded":{"articles":[{"id":"20005801","version":172548,"gtin":"20005801","_embedded":{"listing":{"id":"8-20005801-d1d1e1d1-b919-4288-879f-a0361c836ff4","version":1000437,"pricing":{"currentRetailPrice":80,"minRetailPrice":80,"maxRetailPrice":80,"currency":"EUR","basePrice":399,"baseUnit":{"KG":1},"grammage":"1 Stück ca. 200 g (1 kg = 3,99 €)"},"limitations":{"orderLimit":99}},"store":{"id":"d1d1e1d1-b919-4288-879f-a0361c836ff4","version":30},"merchant":{"id":"rewe-online-services","version":55048,"name":"REWE","type":"REWE","logo":"https://a.rewe-static.de/partnerlogos/rewe/REWE_mp.png"}}}],"categories":[{"id":"1","primary":false},{"id":"51","primary":false},{"id":"62","primary":true}]},"hasVariants":false,"hasDiverseVariantPrices":false,"shouldDetailsLinkBeMasked":false,"_links":{"detail":{"href":"/p/birne-abate-fetel-ca-200g/5800"}}},{"id":"7261673","productGroupId":"7261673","nan":"7261673","version":40,"productName":"Birne grün 1kg","attributes":{},"brand":{"name":null},"media":{"images":[{"_links":{"self":{"href":"https://img.rewe-static.de/7261673/27767336_digital-image.png"}}}]},"_embedded":{"articles":[{"id":"28283492","version":132966,"gtin":"28283492","_embedded":{"listing":{"id":"8-28283492-d1d1e1d1-b919-4288-879f-a0361c836ff4","version":1000397,"pricing":{"currentRetailPrice":179,"minRetailPrice":179,"maxRetailPrice":179,"currency":"EUR","grammage":"1kg"},"limitations":{"orderLimit":99}},"store":{"id":"d1d1e1d1-b919-4288-879f-a0361c836ff4","version":30},"merchant":{"id":"rewe-online-services","version":55048,"name":"REWE","type":"REWE","logo":"https://a.rewe-static.de/partnerlogos/rewe/REWE_mp.png"}}}],"categories":[{"id":"1","primary":false},{"id":"51","primary":false},{"id":"62","primary":true}]},"hasVariants":false,"hasDiverseVariantPrices":false,"shouldDetailsLinkBeMasked":false,"_links":{"detail":{"href":"/p/birne-gruen-1kg/7261673"}}},{"id":"482331","productGroupId":"482331","nan":"482331","version":59,"productName":"Blumenkohl weiß 1 Stück","attributes":{},"brand":{"name":null},"media":{"images":[{"_links":{"self":{"href":"https://img.rewe-static.de/0482331/7361280_digital-image.png"}}}]},"_embedded":{"articles":[{"id":"20482336","version":244519,"gtin":"20482336","_embedded":{"listing":{"id":"8-20482336-d1d1e1d1-b919-4288-879f-a0361c836ff4","version":1000422,"pricing":{"currentRetailPrice":199,"minRetailPrice":199,"maxRetailPrice":199,"currency":"EUR","grammage":"1 Stück"},"limitations":{"orderLimit":99}},"store":{"id":"d1d1e1d1-b919-4288-879f-a0361c836ff4","version":30},"merchant":{"id":"rewe-online-services","version":55048,"name":"REWE","type":"REWE","logo":"https://a.rewe-static.de/partnerlogos/rewe/REWE_mp.png"}}}],"categories":[{"id":"1","primary":false},{"id":"2","primary":false},{"id":"10","primary":true}]},"hasVariants":false,"hasDiverseVariantPrices":false,"shouldDetailsLinkBeMasked":false,"_links":{"detail":{"href":"/p/blumenkohl-weiss-1-stueck/482331"}}},{"id":"1007433","productGroupId":"1007433","nan":"1007433","version":38,"productName":"Broccoli 500g","attributes":{},"brand":{"name":null},"media":{"images":[{"_links":{"self":{"href":"https://img.rewe-static.de/1007433/21403678_digital-image.png"}}}]},"_embedded":{"articles":[{"id":"8033237100559","version":224988,"gtin":"8033237100559","_embedded":{"listing":{"id":"13-8033237100559-d1d1e1d1-b919-4288-879f-a0361c836ff4","version":1000333,"pricing":{"currentRetailPrice":179,"minRetailPrice":179,"maxRetailPrice":179,"currency":"EUR","basePrice":358,"baseUnit":{"KG":1},"grammage":"500g (1 kg = 3,58 €)"},"limitations":{"orderLimit":99}},"store":{"id":"d1d1e1d1-b919-4288-879f-a0361c836ff4","version":30},"merchant":{"id":"rewe-online-services","version":55048,"name":"REWE","type":"REWE","logo":"https://a.rewe-static.de/partnerlogos/rewe/REWE_mp.png"}}}],"categories":[{"id":"1","primary":false},{"id":"2","primary":false},{"id":"10","primary":true}]},"hasVariants":false,"hasDiverseVariantPrices":false,"shouldDetailsLinkBeMasked":false,"_links":{"detail":{"href":"/p/broccoli-500g/1007433"}}},{"id":"1033904","productGroupId":"1033904","nan":"1033904","version":29,"productName":"Cherry Rispentomate 350g","attributes":{},"brand":{"name":null},"media":{"images":[{"_links":{"self":{"href":"https://img.rewe-static.de/1033904/31264784_digital-image.png"}}}]},"_embedded":{"articles":[{"id":"4030847103981","version":155160,"gtin":"4030847103981","_embedded":{"listing":{"id":"13-4030847103981-d1d1e1d1-b919-4288-879f-a0361c836ff4","version":1000347,"pricing":{"currentRetailPrice":249,"minRetailPrice":249,"maxRetailPrice":249,"currency":"EUR","basePrice":711,"baseUnit":{"KG":1},"grammage":"350g (1 kg = 7,11 €)"},"limitations":{"orderLimit":99}},"store":{"id":"d1d1e1d1-b919-4288-879f-a0361c836ff4","version":30},"merchant":{"id":"rewe-online-services","version":55048,"name":"REWE","type":"REWE","logo":"https://a.rewe-static.de/partnerlogos/rewe/REWE_mp.png"}}}],"categories":[{"id":"1","primary":false},{"id":"2","primary":false},{"id":"30","primary":true}]},"hasVariants":false,"hasDiverseVariantPrices":false,"shouldDetailsLinkBeMasked":false,"_links":{"detail":{"href":"/p/cherry-rispentomate-350g/1033904"}}},{"id":"1033906","productGroupId":"1033906","nan":"1033906","version":55,"productName":"Cherry Romatomaten 250g","attributes":{},"brand":{"name":"REWE"},"media":{"images":[{"_links":{"self":{"href":"https://img.rewe-static.de/1033906/23292477_digital-image.png"}}}]},"_embedded":{"articles":[{"id":"VIC7K38Y","version":292802,"gtin":"4250154860906","_embedded":{"listing":{"id":"8-VIC7K38Y-d1d1e1d1-b919-4288-879f-a0361c836ff4","version":1000392,"pricing":{"currentRetailPrice":99,"minRetailPrice":99,"maxRetailPrice":99,"currency":"EUR","basePrice":396,"baseUnit":{"KG":1},"grammage":"250g (1 kg = 3,96 €)"},"limitations":{"orderLimit":99}},"store":{"id":"d1d1e1d1-b919-4288-879f-a0361c836ff4","version":30},"merchant":{"id":"rewe-online-services","version":55048,"name":"REWE","type":"REWE","logo":"https://a.rewe-static.de/partnerlogos/rewe/REWE_mp.png"}}}],"categories":[{"id":"1","primary":false},{"id":"2","primary":false},{"id":"30","primary":true}]},"hasVariants":false,"hasDiverseVariantPrices":false,"shouldDetailsLinkBeMasked":false,"_links":{"detail":{"href":"/p/cherry-romatomaten-250g/1033906"}}},{"id":"482595","productGroupId":"482595","nan":"482595","version":56,"productName":"Eisbergsalat 1 Stück","attributes":{},"brand":{"name":null},"media":{"images":[{"_links":{"self":{"href":"https://img.rewe-static.de/0482595/24570316_digital-image.png"}}}]},"_embedded":{"articles":[{"id":"4003721021237","version":301263,"gtin":"4003721021237","_embedded":{"listing":{"id":"13-4003721021237-d1d1e1d1-b919-4288-879f-a0361c836ff4","version":1000424,"pricing":{"currentRetailPrice":88,"minRetailPrice":88,"maxRetailPrice":88,"currency":"EUR","grammage":"1 Stück"},"limitations":{"orderLimit":99}},"store":{"id":"d1d1e1d1-b919-4288-879f-a0361c836ff4","version":30},"merchant":{"id":"rewe-online-services","version":55048,"name":"REWE","type":"REWE","logo":"https://a.rewe-static.de/partnerlogos/rewe/REWE_mp.png"}}}],"categories":[{"id":"1","primary":false},{"id":"2","primary":false},{"id":"26","primary":false},{"id":"28","primary":true}]},"hasVariants":false,"hasDiverseVariantPrices":false,"shouldDetailsLinkBeMasked":false,"_links":{"detail":{"href":"/p/eisbergsalat-1-stueck/482595"}}},{"id":"3399567","productGroupId":"3399567","nan":"3399567","version":24,"productName":"Hokkaido-Kürbis ca. 1400g","attributes":{},"brand":{"name":null},"media":{"images":[{"_links":{"self":{"href":"https://img.rewe-static.de/3399567/27287789_digital-image.png"}}}]},"_embedded":{"articles":[{"id":"23399563","version":125220,"gtin":"23399563","_embedded":{"listing":{"id":"8-23399563-d1d1e1d1-b919-4288-879f-a0361c836ff4","version":1000336,"pricing":{"currentRetailPrice":237,"minRetailPrice":237,"maxRetailPrice":237,"currency":"EUR","basePrice":169,"baseUnit":{"KG":1},"grammage":"1 Stück ca. 1400 g (1 kg = 1,69 €)"},"limitations":{"orderLimit":99}},"store":{"id":"d1d1e1d1-b919-4288-879f-a0361c836ff4","version":30},"merchant":{"id":"rewe-online-services","version":55048,"name":"REWE","type":"REWE","logo":"https://a.rewe-static.de/partnerlogos/rewe/REWE_mp.png"}}}],"categories":[{"id":"1","primary":false},{"id":"2","primary":false},{"id":"43","primary":true}]},"hasVariants":false,"hasDiverseVariantPrices":false,"shouldDetailsLinkBeMasked":false,"_links":{"detail":{"href":"/p/hokkaido-kuerbis-ca-1400g/3399567"}}},{"id":"1218820","productGroupId":"1218820","nan":"1218820","version":23,"productName":"Ingwer ca. 100g","attributes":{"tags":{"organic":{"label":"Bio"}}},"brand":{"name":null},"media":{"images":[{"_links":{"self":{"href":"https://img.rewe-static.de/1218820/24569461_digital-image.png"}}}]},"_embedded":{"articles":[{"id":"22865830","version":86912,"gtin":"22865830","_embedded":{"listing":{"id":"8-22865830-d1d1e1d1-b919-4288-879f-a0361c836ff4","version":1000335,"pricing":{"currentRetailPrice":69,"minRetailPrice":69,"maxRetailPrice":69,"currency":"EUR","basePrice":690,"baseUnit":{"KG":1},"grammage":"1 Stück ca. 100 g (1 kg = 6,90 €)"},"limitations":{"orderLimit":99}},"store":{"id":"d1d1e1d1-b919-4288-879f-a0361c836ff4","version":30},"merchant":{"id":"rewe-online-services","version":55048,"name":"REWE","type":"REWE","logo":"https://a.rewe-static.de/partnerlogos/rewe/REWE_mp.png"}}}],"categories":[{"id":"1","primary":false},{"id":"2","primary":false},{"id":"31","primary":false},{"id":"2489","primary":true}]},"hasVariants":false,"hasDiverseVariantPrices":false,"shouldDetailsLinkBeMasked":false,"_links":{"detail":{"href":"/p/ingwer-ca-100g/1218820"}}},{"id":"1045111","productGroupId":"1045111","nan":"1045111","version":8,"productName":"Karotten 1kg","attributes":{},"brand":{"name":"REWE Beste Wahl"},"media":{"images":[{"_links":{"self":{"href":"https://img.rewe-static.de/1045111/21288882_digital-image.png"}}}]},"_embedded":{"articles":[{"id":"AK8L9LE8","version":211754,"gtin":"4049929972513","_embedded":{"listing":{"id":"8-AK8L9LE8-d1d1e1d1-b919-4288-879f-a0361c836ff4","version":1000010,"pricing":{"currentRetailPrice":139,"minRetailPrice":139,"maxRetailPrice":139,"currency":"EUR","grammage":"1kg"},"limitations":{"orderLimit":99}},"store":{"id":"d1d1e1d1-b919-4288-879f-a0361c836ff4","version":30},"merchant":{"id":"rewe-online-services","version":55048,"name":"REWE","type":"REWE","logo":"https://a.rewe-static.de/partnerlogos/rewe/REWE_mp.png"}}}],"categories":[{"id":"1","primary":false},{"id":"2","primary":false},{"id":"31","primary":false},{"id":"2491","primary":true}]},"hasVariants":false,"hasDiverseVariantPrices":false,"shouldDetailsLinkBeMasked":false,"_links":{"detail":{"href":"/p/karotten-1kg/1045111"}}},{"id":"8339524","productGroupId":"8339524","nan":"8339524","version":40,"productName":"Karotten 2kg","attributes":{},"brand":{"name":null},"media":{"images":[{"_links":{"self":{"href":"https://img.rewe-static.de/8339524/30105634_digital-image.png"}}}]},"_embedded":{"articles":[{"id":"4260093590963","version":96662,"gtin":"4260093590963","_embedded":{"listing":{"id":"13-4260093590963-d1d1e1d1-b919-4288-879f-a0361c836ff4","version":1000369,"pricing":{"currentRetailPrice":179,"minRetailPrice":179,"maxRetailPrice":179,"currency":"EUR","basePrice":90,"baseUnit":{"KG":1},"grammage":"2kg (1 kg = 0,90 €)"},"limitations":{"orderLimit":99}},"store":{"id":"d1d1e1d1-b919-4288-879f-a0361c836ff4","version":30},"merchant":{"id":"rewe-online-services","version":55048,"name":"REWE","type":"REWE","logo":"https://a.rewe-static.de/partnerlogos/rewe/REWE_mp.png"}}}],"categories":[{"id":"1","primary":false},{"id":"2","primary":false},{"id":"31","primary":false},{"id":"2491","primary":true}]},"hasVariants":false,"hasDiverseVariantPrices":false,"shouldDetailsLinkBeMasked":false,"_links":{"detail":{"href":"/p/karotten-2kg/8339524"}}},{"id":"469769","productGroupId":"469769","nan":"469769","version":19,"productName":"Karotten ca. 100g","attributes":{},"brand":{"name":null},"media":{"images":[{"_links":{"self":{"href":"https://img.rewe-static.de/0469769/24569869_digital-image.png"}}}]},"_embedded":{"articles":[{"id":"20469764","version":131841,"gtin":"20469764","_embedded":{"listing":{"id":"8-20469764-d1d1e1d1-b919-4288-879f-a0361c836ff4","version":1000316,"pricing":{"currentRetailPrice":15,"minRetailPrice":15,"maxRetailPrice":15,"currency":"EUR","basePrice":149,"baseUnit":{"KG":1},"grammage":"1 Stück ca. 100 g (1 kg = 1,49 €)"},"limitations":{"orderLimit":99}},"store":{"id":"d1d1e1d1-b919-4288-879f-a0361c836ff4","version":30},"merchant":{"id":"rewe-online-services","version":55048,"name":"REWE","type":"REWE","logo":"https://a.rewe-static.de/partnerlogos/rewe/REWE_mp.png"}}}],"categories":[{"id":"1","primary":false},{"id":"2","primary":false},{"id":"31","primary":false},{"id":"2491","primary":true}]},"hasVariants":false,"hasDiverseVariantPrices":false,"shouldDetailsLinkBeMasked":false,"_links":{"detail":{"href":"/p/karotten-ca-100g/469769"}}},{"id":"483010","productGroupId":"483010","nan":"483010","version":35,"productName":"Karotten mit Grün im Bund","attributes":{},"brand":{"name":null},"media":{"images":[{"_links":{"self":{"href":"https://img.rewe-static.de/0483010/7361800_digital-image.png"}}}]},"_embedded":{"articles":[{"id":"8437000005124","version":131506,"gtin":"8437000005124","_embedded":{"listing":{"id":"13-8437000005124-d1d1e1d1-b919-4288-879f-a0361c836ff4","version":1000409,"pricing":{"currentRetailPrice":129,"minRetailPrice":129,"maxRetailPrice":129,"currency":"EUR","grammage":"1 Stück"},"limitations":{"orderLimit":99}},"store":{"id":"d1d1e1d1-b919-4288-879f-a0361c836ff4","version":30},"merchant":{"id":"rewe-online-services","version":55048,"name":"REWE","type":"REWE","logo":"https://a.rewe-static.de/partnerlogos/rewe/REWE_mp.png"}}}],"categories":[{"id":"1","primary":false},{"id":"2","primary":false},{"id":"31","primary":false},{"id":"2491","primary":true}]},"hasVariants":false,"hasDiverseVariantPrices":false,"shouldDetailsLinkBeMasked":false,"_links":{"detail":{"href":"/p/karotten-mit-gruen-im-bund/483010"}}},{"id":"8378934","productGroupId":"8378934","nan":"8378934","version":23,"productName":"Kartoffel mehligkochend 2kg","attributes":{},"brand":{"name":null},"media":{"images":[{"_links":{"self":{"href":"https://img.rewe-static.de/8378934/31571991_digital-image.png"}}}]},"_embedded":{"articles":[{"id":"27160121","version":31071,"gtin":"27160121","_embedded":{"listing":{"id":"8-27160121-d1d1e1d1-b919-4288-879f-a0361c836ff4","version":1000036,"pricing":{"currentRetailPrice":229,"minRetailPrice":229,"maxRetailPrice":229,"currency":"EUR","basePrice":115,"baseUnit":{"KG":1},"grammage":"2kg (1 kg = 1,15 €)"},"limitations":{"orderLimit":99}},"store":{"id":"d1d1e1d1-b919-4288-879f-a0361c836ff4","version":30},"merchant":{"id":"rewe-online-services","version":55048,"name":"REWE","type":"REWE","logo":"https://a.rewe-static.de/partnerlogos/rewe/REWE_mp.png"}}}],"categories":[{"id":"1","primary":false},{"id":"2","primary":false},{"id":"7","primary":true}]},"hasVariants":false,"hasDiverseVariantPrices":false,"shouldDetailsLinkBeMasked":false,"_links":{"detail":{"href":"/p/kartoffel-mehligkochend-2kg/8378934"}}},{"id":"8033637","productGroupId":"8033637","nan":"8033637","version":23,"productName":"Kartoffel vorwiegend festkochend 2kg","attributes":{},"brand":{"name":null},"media":{"images":[{"_links":{"self":{"href":"https://img.rewe-static.de/8033637/31571806_digital-image.png"}}}]},"_embedded":{"articles":[{"id":"27160015","version":29927,"gtin":"27160015","_embedded":{"listing":{"id":"8-27160015-d1d1e1d1-b919-4288-879f-a0361c836ff4","version":1000036,"pricing":{"currentRetailPrice":229,"minRetailPrice":229,"maxRetailPrice":229,"currency":"EUR","basePrice":115,"baseUnit":{"KG":1},"grammage":"2kg (1 kg = 1,15 €)"},"limitations":{"orderLimit":99}},"store":{"id":"d1d1e1d1-b919-4288-879f-a0361c836ff4","version":30},"merchant":{"id":"rewe-online-services","version":55048,"name":"REWE","type":"REWE","logo":"https://a.rewe-static.de/partnerlogos/rewe/REWE_mp.png"}}}],"categories":[{"id":"1","primary":false},{"id":"2","primary":false},{"id":"7","primary":true}]},"hasVariants":false,"hasDiverseVariantPrices":false,"shouldDetailsLinkBeMasked":false,"_links":{"detail":{"href":"/p/kartoffel-vorwiegend-festkochend-2kg/8033637"}}},{"id":"8035226","productGroupId":"8035226","nan":"8035226","version":27,"productName":"Kartoffeln festkochend 2kg","attributes":{},"brand":{"name":null},"media":{"images":[{"_links":{"self":{"href":"https://img.rewe-static.de/8035226/31571721_digital-image.png"}}}]},"_embedded":{"articles":[{"id":"27157640","version":30629,"gtin":"27157640","_embedded":{"listing":{"id":"8-27157640-d1d1e1d1-b919-4288-879f-a0361c836ff4","version":1000044,"pricing":{"currentRetailPrice":229,"minRetailPrice":229,"maxRetailPrice":229,"currency":"EUR","basePrice":115,"baseUnit":{"KG":1},"grammage":"2kg (1 kg = 1,15 €)"},"limitations":{"orderLimit":99}},"store":{"id":"d1d1e1d1-b919-4288-879f-a0361c836ff4","version":30},"merchant":{"id":"rewe-online-services","version":55048,"name":"REWE","type":"REWE","logo":"https://a.rewe-static.de/partnerlogos/rewe/REWE_mp.png"}}}],"categories":[{"id":"1","primary":false},{"id":"2","primary":false},{"id":"7","primary":true}]},"hasVariants":false,"hasDiverseVariantPrices":false,"shouldDetailsLinkBeMasked":false,"_links":{"detail":{"href":"/p/kartoffeln-festkochend-2kg/8035226"}}},{"id":"195634","productGroupId":"195634","nan":"195634","version":30,"productName":"Kiwi grün 1 Stück","attributes":{},"brand":{"name":null},"media":{"images":[{"_links":{"self":{"href":"https://img.rewe-static.de/0195634/24569459_digital-image.png"}}}]},"_embedded":{"articles":[{"id":"53XUPWWW","version":167033,"gtin":"9420514500000","_embedded":{"listing":{"id":"8-53XUPWWW-d1d1e1d1-b919-4288-879f-a0361c836ff4","version":1000307,"pricing":{"currentRetailPrice":29,"minRetailPrice":29,"maxRetailPrice":29,"currency":"EUR","grammage":"1 Stück"},"limitations":{"orderLimit":99}},"store":{"id":"d1d1e1d1-b919-4288-879f-a0361c836ff4","version":30},"merchant":{"id":"rewe-online-services","version":55048,"name":"REWE","type":"REWE","logo":"https://a.rewe-static.de/partnerlogos/rewe/REWE_mp.png"}}}],"categories":[{"id":"1","primary":false},{"id":"51","primary":false},{"id":"2503","primary":true}]},"hasVariants":false,"hasDiverseVariantPrices":false,"shouldDetailsLinkBeMasked":false,"_links":{"detail":{"href":"/p/kiwi-gruen-1-stueck/195634"}}},{"id":"1041139","productGroupId":"1041139","nan":"1041139","version":19,"productName":"Knoblauch 200g im Netz","attributes":{},"brand":{"name":null},"media":{"images":[{"_links":{"self":{"href":"https://img.rewe-static.de/1041139/21288186_digital-image.png"}}}]},"_embedded":{"articles":[{"id":"22609786","version":71606,"gtin":"22609786","_embedded":{"listing":{"id":"8-22609786-d1d1e1d1-b919-4288-879f-a0361c836ff4","version":1000327,"pricing":{"currentRetailPrice":129,"minRetailPrice":129,"maxRetailPrice":129,"currency":"EUR","basePrice":645,"baseUnit":{"KG":1},"grammage":"200g (1 kg = 6,45 €)"},"limitations":{"orderLimit":99}},"store":{"id":"d1d1e1d1-b919-4288-879f-a0361c836ff4","version":30},"merchant":{"id":"rewe-online-services","version":55048,"name":"REWE","type":"REWE","logo":"https://a.rewe-static.de/partnerlogos/rewe/REWE_mp.png"}}}],"categories":[{"id":"1","primary":false},{"id":"2","primary":false},{"id":"48","primary":true}]},"hasVariants":false,"hasDiverseVariantPrices":false,"shouldDetailsLinkBeMasked":false,"_links":{"detail":{"href":"/p/knoblauch-200g-im-netz/1041139"}}},{"id":"570311","productGroupId":"570311","nan":"570311","version":43,"productName":"Kohlrabi 1 Stück","attributes":{"tags":{"discounted":{"label":"Angebote"}}},"brand":{"name":null},"media":{"images":[{"_links":{"self":{"href":"https://img.rewe-static.de/0570311/11327870_digital-image.png"}}}]},"_embedded":{"articles":[{"id":"20570316","version":181343,"gtin":"20570316","_embedded":{"listing":{"id":"8-20570316-d1d1e1d1-b919-4288-879f-a0361c836ff4","version":1000326,"pricing":{"currentRetailPrice":49,"minRetailPrice":49,"maxRetailPrice":49,"currency":"EUR","discount":{"regularPrice":65,"discountRate":24,"validFrom":null,"validTo":"2022-10-15T00:00:00MESZ"},"grammage":"1 Stück"},"limitations":{"orderLimit":15}},"store":{"id":"d1d1e1d1-b919-4288-879f-a0361c836ff4","version":30},"merchant":{"id":"rewe-online-services","version":55048,"name":"REWE","type":"REWE","logo":"https://a.rewe-static.de/partnerlogos/rewe/REWE_mp.png"}}}],"categories":[{"id":"1","primary":false},{"id":"2","primary":false},{"id":"31","primary":false},{"id":"2490","primary":true}]},"hasVariants":false,"hasDiverseVariantPrices":false,"shouldDetailsLinkBeMasked":false,"_links":{"detail":{"href":"/p/kohlrabi-1-stueck/570311"}}},{"id":"482404","productGroupId":"482404","nan":"482404","version":43,"productName":"Lauchzwiebeln im Bund","attributes":{},"brand":{"name":null},"media":{"images":[{"_links":{"self":{"href":"https://img.rewe-static.de/0482404/7360070_digital-image.png"}}}]},"_embedded":{"articles":[{"id":"20482404","version":174841,"gtin":"20482404","_embedded":{"listing":{"id":"8-20482404-d1d1e1d1-b919-4288-879f-a0361c836ff4","version":1000442,"pricing":{"currentRetailPrice":79,"minRetailPrice":79,"maxRetailPrice":79,"currency":"EUR","grammage":"1 Stück"},"limitations":{"orderLimit":99}},"store":{"id":"d1d1e1d1-b919-4288-879f-a0361c836ff4","version":30},"merchant":{"id":"rewe-online-services","version":55048,"name":"REWE","type":"REWE","logo":"https://a.rewe-static.de/partnerlogos/rewe/REWE_mp.png"}}}],"categories":[{"id":"1","primary":false},{"id":"2","primary":false},{"id":"48","primary":true}]},"hasVariants":false,"hasDiverseVariantPrices":false,"shouldDetailsLinkBeMasked":false,"_links":{"detail":{"href":"/p/lauchzwiebeln-im-bund/482404"}}},{"id":"25267","productGroupId":"25267","nan":"25267","version":34,"productName":"Mango essreif 1 Stück","attributes":{},"brand":{"name":null},"media":{"images":[{"_links":{"self":{"href":"https://img.rewe-static.de/0025267/24569609_digital-image.png"}}}]},"_embedded":{"articles":[{"id":"5ESJSXGF","version":264797,"gtin":"4019709381774","_embedded":{"listing":{"id":"8-5ESJSXGF-d1d1e1d1-b919-4288-879f-a0361c836ff4","version":1000367,"pricing":{"currentRetailPrice":229,"minRetailPrice":229,"maxRetailPrice":229,"currency":"EUR","grammage":"1 Stück"},"limitations":{"orderLimit":99}},"store":{"id":"d1d1e1d1-b919-4288-879f-a0361c836ff4","version":30},"merchant":{"id":"rewe-online-services","version":55048,"name":"REWE","type":"REWE","logo":"https://a.rewe-static.de/partnerlogos/rewe/REWE_mp.png"}}}],"categories":[{"id":"1","primary":false},{"id":"51","primary":false},{"id":"2507","primary":true}]},"hasVariants":false,"hasDiverseVariantPrices":false,"shouldDetailsLinkBeMasked":false,"_links":{"detail":{"href":"/p/mango-essreif-1-stueck/25267"}}},{"id":"3029089","productGroupId":"3029089","nan":"3029089","version":31,"productName":"Naschtomaten 400g Eimer","attributes":{},"brand":{"name":null},"media":{"images":[{"_links":{"self":{"href":"https://img.rewe-static.de/3029089/31264808_digital-image.png"}}}]},"_embedded":{"articles":[{"id":"8430543023891","version":75055,"gtin":"8430543023891","_embedded":{"listing":{"id":"13-8430543023891-d1d1e1d1-b919-4288-879f-a0361c836ff4","version":1000496,"pricing":{"currentRetailPrice":349,"minRetailPrice":349,"maxRetailPrice":349,"currency":"EUR","grammage":"1 Stück"},"limitations":{"orderLimit":99}},"store":{"id":"d1d1e1d1-b919-4288-879f-a0361c836ff4","version":30},"merchant":{"id":"rewe-online-services","version":55048,"name":"REWE","type":"REWE","logo":"https://a.rewe-static.de/partnerlogos/rewe/REWE_mp.png"}}}],"categories":[{"id":"1","primary":false},{"id":"2","primary":false},{"id":"30","primary":true}]},"hasVariants":false,"hasDiverseVariantPrices":false,"shouldDetailsLinkBeMasked":false,"_links":{"detail":{"href":"/p/naschtomaten-400g-eimer/3029089"}}},{"id":"1057955","productGroupId":"1057955","nan":"1057955","version":15,"productName":"Orangen 1,5kg im Netz","attributes":{},"brand":{"name":null},"media":{"images":[{"_links":{"self":{"href":"https://img.rewe-static.de/1057955/31583416_digital-image.png"}}}]},"_embedded":{"articles":[{"id":"22634412","version":26042,"gtin":"22634412","_embedded":{"listing":{"id":"8-22634412-d1d1e1d1-b919-4288-879f-a0361c836ff4","version":1000038,"pricing":{"currentRetailPrice":299,"minRetailPrice":299,"maxRetailPrice":299,"currency":"EUR","basePrice":199,"baseUnit":{"KG":1},"grammage":"1,50kg (1 kg = 1,99 €)"},"limitations":{"orderLimit":99}},"store":{"id":"d1d1e1d1-b919-4288-879f-a0361c836ff4","version":30},"merchant":{"id":"rewe-online-services","version":55048,"name":"REWE","type":"REWE","logo":"https://a.rewe-static.de/partnerlogos/rewe/REWE_mp.png"}}}],"categories":[{"id":"1","primary":false},{"id":"51","primary":false},{"id":"91","primary":true}]},"hasVariants":false,"hasDiverseVariantPrices":false,"shouldDetailsLinkBeMasked":false,"_links":{"detail":{"href":"/p/orangen-1-5kg-im-netz/1057955"}}},{"id":"1040657","productGroupId":"1040657","nan":"1040657","version":48,"productName":"Paprika Mix 500g","attributes":{},"brand":{"name":"REWE Beste Wahl"},"media":{"images":[{"_links":{"self":{"href":"https://img.rewe-static.de/1040657/21506875_digital-image.png"}}}]},"_embedded":{"articles":[{"id":"4251079302199","version":293600,"gtin":"4251079302199","_embedded":{"listing":{"id":"13-4251079302199-d1d1e1d1-b919-4288-879f-a0361c836ff4","version":1000400,"pricing":{"currentRetailPrice":259,"minRetailPrice":259,"maxRetailPrice":259,"currency":"EUR","basePrice":518,"baseUnit":{"KG":1},"grammage":"500g (1 kg = 5,18 €)"},"limitations":{"orderLimit":99}},"store":{"id":"d1d1e1d1-b919-4288-879f-a0361c836ff4","version":30},"merchant":{"id":"rewe-online-services","version":55048,"name":"REWE","type":"REWE","logo":"https://a.rewe-static.de/partnerlogos/rewe/REWE_mp.png"}}}],"categories":[{"id":"1","primary":false},{"id":"2","primary":false},{"id":"20","primary":true}]},"hasVariants":false,"hasDiverseVariantPrices":false,"shouldDetailsLinkBeMasked":false,"_links":{"detail":{"href":"/p/paprika-mix-500g/1040657"}}},{"id":"1902921","productGroupId":"1902921","nan":"1902921","version":60,"productName":"Paprika rot 500g","attributes":{},"brand":{"name":"REWE Beste Wahl"},"media":{"images":[{"_links":{"self":{"href":"https://img.rewe-static.de/1902921/23275435_digital-image.png"}}}]},"_embedded":{"articles":[{"id":"7445906486443","version":133019,"gtin":"7445906486443","_embedded":{"listing":{"id":"13-7445906486443-d1d1e1d1-b919-4288-879f-a0361c836ff4","version":1000377,"pricing":{"currentRetailPrice":185,"minRetailPrice":185,"maxRetailPrice":185,"currency":"EUR","basePrice":370,"baseUnit":{"KG":1},"grammage":"500g (1 kg = 3,70 €)"},"limitations":{"orderLimit":99}},"store":{"id":"d1d1e1d1-b919-4288-879f-a0361c836ff4","version":30},"merchant":{"id":"rewe-online-services","version":55048,"name":"REWE","type":"REWE","logo":"https://a.rewe-static.de/partnerlogos/rewe/REWE_mp.png"}}}],"categories":[{"id":"1","primary":false},{"id":"2","primary":false},{"id":"20","primary":true}]},"hasVariants":false,"hasDiverseVariantPrices":false,"shouldDetailsLinkBeMasked":false,"_links":{"detail":{"href":"/p/paprika-rot-500g/1902921"}}},{"id":"483559","productGroupId":"483559","nan":"483559","version":32,"productName":"Paprika rot ca. 250g","attributes":{},"brand":{"name":null},"media":{"images":[{"_links":{"self":{"href":"https://img.rewe-static.de/0483559/24570151_digital-image.png"}}}]},"_embedded":{"articles":[{"id":"20483555","version":148576,"gtin":"20483555","_embedded":{"listing":{"id":"8-20483555-d1d1e1d1-b919-4288-879f-a0361c836ff4","version":1000181,"pricing":{"currentRetailPrice":125,"minRetailPrice":125,"maxRetailPrice":125,"currency":"EUR","basePrice":499,"baseUnit":{"KG":1},"grammage":"1 Stück ca. 250 g (1 kg = 4,99 €)"},"limitations":{"orderLimit":99}},"store":{"id":"d1d1e1d1-b919-4288-879f-a0361c836ff4","version":30},"merchant":{"id":"rewe-online-services","version":55048,"name":"REWE","type":"REWE","logo":"https://a.rewe-static.de/partnerlogos/rewe/REWE_mp.png"}}}],"categories":[{"id":"1","primary":false},{"id":"2","primary":false},{"id":"20","primary":true}]},"hasVariants":false,"hasDiverseVariantPrices":false,"shouldDetailsLinkBeMasked":false,"_links":{"detail":{"href":"/p/paprika-rot-ca-250g/483559"}}},{"id":"8311846","productGroupId":"8311846","nan":"8311846","version":38,"productName":"Porree 1 Stück","attributes":{"tags":{"discounted":{"label":"Angebote"}}},"brand":{"name":null},"media":{"images":[{"_links":{"self":{"href":"https://img.rewe-static.de/8311846/7360610_digital-image.png"}}}]},"_embedded":{"articles":[{"id":"28311843","version":111044,"gtin":"28311843","_embedded":{"listing":{"id":"8-28311843-d1d1e1d1-b919-4288-879f-a0361c836ff4","version":1000340,"pricing":{"currentRetailPrice":49,"minRetailPrice":49,"maxRetailPrice":49,"currency":"EUR","discount":{"regularPrice":69,"discountRate":28,"validFrom":null,"validTo":"2022-10-15T00:00:00MESZ"},"grammage":"1 Stück"},"limitations":{"orderLimit":15}},"store":{"id":"d1d1e1d1-b919-4288-879f-a0361c836ff4","version":30},"merchant":{"id":"rewe-online-services","version":55048,"name":"REWE","type":"REWE","logo":"https://a.rewe-static.de/partnerlogos/rewe/REWE_mp.png"}}}],"categories":[{"id":"1","primary":false},{"id":"2","primary":false},{"id":"24","primary":true}]},"hasVariants":false,"hasDiverseVariantPrices":false,"shouldDetailsLinkBeMasked":false,"_links":{"detail":{"href":"/p/porree-1-stueck/8311846"}}},{"id":"1028378","productGroupId":"1028378","nan":"1028378","version":30,"productName":"REWE Beste Wahl Banane ca. 200g","attributes":{},"brand":{"name":"REWE Beste Wahl"},"media":{"images":[{"_links":{"self":{"href":"https://img.rewe-static.de/1028378/33873287_digital-image.png"}}}]},"_embedded":{"articles":[{"id":"22590541","version":135894,"gtin":"22590541","_embedded":{"listing":{"id":"8-22590541-d1d1e1d1-b919-4288-879f-a0361c836ff4","version":1000413,"pricing":{"currentRetailPrice":38,"minRetailPrice":38,"maxRetailPrice":38,"currency":"EUR","basePrice":189,"baseUnit":{"KG":1},"grammage":"1 Stück ca. 200 g (1 kg = 1,89 €)"},"limitations":{"orderLimit":199}},"store":{"id":"d1d1e1d1-b919-4288-879f-a0361c836ff4","version":30},"merchant":{"id":"rewe-online-services","version":55048,"name":"REWE","type":"REWE","logo":"https://a.rewe-static.de/partnerlogos/rewe/REWE_mp.png"}}}],"categories":[{"id":"1","primary":false},{"id":"51","primary":false},{"id":"54","primary":true}]},"hasVariants":false,"hasDiverseVariantPrices":false,"shouldDetailsLinkBeMasked":false,"_links":{"detail":{"href":"/p/rewe-beste-wahl-banane-ca-200g/1028378"}}},{"id":"1928831","productGroupId":"1928831","nan":"1928831","version":23,"productName":"REWE Beste Wahl Champignons braun 250g","attributes":{},"brand":{"name":null},"media":{"images":[{"_links":{"self":{"href":"https://img.rewe-static.de/1928831/21288695_digital-image.png"}}}]},"_embedded":{"articles":[{"id":"8711775028459","version":122044,"gtin":"8711775028459","_embedded":{"listing":{"id":"13-8711775028459-d1d1e1d1-b919-4288-879f-a0361c836ff4","version":1000346,"pricing":{"currentRetailPrice":169,"minRetailPrice":169,"maxRetailPrice":169,"currency":"EUR","basePrice":676,"baseUnit":{"KG":1},"grammage":"250g (1 kg = 6,76 €)"},"limitations":{"orderLimit":99}},"store":{"id":"d1d1e1d1-b919-4288-879f-a0361c836ff4","version":30},"merchant":{"id":"rewe-online-services","version":55048,"name":"REWE","type":"REWE","logo":"https://a.rewe-static.de/partnerlogos/rewe/REWE_mp.png"}}}],"categories":[{"id":"1","primary":false},{"id":"2","primary":false},{"id":"23","primary":true}]},"hasVariants":false,"hasDiverseVariantPrices":false,"shouldDetailsLinkBeMasked":false,"_links":{"detail":{"href":"/p/rewe-beste-wahl-champignons-braun-250g/1928831"}}},{"id":"1947331","productGroupId":"1947331","nan":"1947331","version":18,"productName":"REWE Beste Wahl Champignons weiß 250g","attributes":{},"brand":{"name":null},"media":{"images":[{"_links":{"self":{"href":"https://img.rewe-static.de/1947331/21288594_digital-image.png"}}}]},"_embedded":{"articles":[{"id":"LGVEJNN0","version":126716,"gtin":"8712846062501","_embedded":{"listing":{"id":"8-LGVEJNN0-d1d1e1d1-b919-4288-879f-a0361c836ff4","version":1000297,"pricing":{"currentRetailPrice":169,"minRetailPrice":169,"maxRetailPrice":169,"currency":"EUR","basePrice":676,"baseUnit":{"KG":1},"grammage":"250g (1 kg = 6,76 €)"},"limitations":{"orderLimit":99}},"store":{"id":"d1d1e1d1-b919-4288-879f-a0361c836ff4","version":30},"merchant":{"id":"rewe-online-services","version":55048,"name":"REWE","type":"REWE","logo":"https://a.rewe-static.de/partnerlogos/rewe/REWE_mp.png"}}}],"categories":[{"id":"1","primary":false},{"id":"2","primary":false},{"id":"23","primary":true}]},"hasVariants":false,"hasDiverseVariantPrices":false,"shouldDetailsLinkBeMasked":false,"_links":{"detail":{"href":"/p/rewe-beste-wahl-champignons-weiss-250g/1947331"}}},{"id":"8380889","productGroupId":"8380889","nan":"8380889","version":9,"productName":"REWE Beste Wahl Clementinen 750g im Netz","attributes":{},"brand":{"name":null},"media":{"images":[{"_links":{"self":{"href":"https://img.rewe-static.de/8380889/30248452_digital-image.png"}}}]},"_embedded":{"articles":[{"id":"T51HX22F","version":116816,"gtin":"4337185355448","_embedded":{"listing":{"id":"8-T51HX22F-d1d1e1d1-b919-4288-879f-a0361c836ff4","version":1000009,"pricing":{"currentRetailPrice":299,"minRetailPrice":299,"maxRetailPrice":299,"currency":"EUR","grammage":"1 Stück"},"limitations":{"orderLimit":99}},"store":{"id":"d1d1e1d1-b919-4288-879f-a0361c836ff4","version":30},"merchant":{"id":"rewe-online-services","version":55048,"name":"REWE","type":"REWE","logo":"https://a.rewe-static.de/partnerlogos/rewe/REWE_mp.png"}}}],"categories":[{"id":"1","primary":false},{"id":"51","primary":false},{"id":"91","primary":true}]},"hasVariants":false,"hasDiverseVariantPrices":false,"shouldDetailsLinkBeMasked":false,"_links":{"detail":{"href":"/p/rewe-beste-wahl-clementinen-750g-im-netz/8380889"}}},{"id":"1041188","productGroupId":"1041188","nan":"1041188","version":22,"productName":"REWE Beste Wahl Rispentomaten 650g","attributes":{},"brand":{"name":"REWE Beste Wahl"},"media":{"images":[{"_links":{"self":{"href":"https://img.rewe-static.de/1041188/21306442_digital-image.png"}}}]},"_embedded":{"articles":[{"id":"4030847109235","version":58946,"gtin":"4030847109235","_embedded":{"listing":{"id":"13-4030847109235-d1d1e1d1-b919-4288-879f-a0361c836ff4","version":1000342,"pricing":{"currentRetailPrice":259,"minRetailPrice":259,"maxRetailPrice":259,"currency":"EUR","basePrice":398,"baseUnit":{"KG":1},"grammage":"650g (1 kg = 3,98 €)"},"limitations":{"orderLimit":99}},"store":{"id":"d1d1e1d1-b919-4288-879f-a0361c836ff4","version":30},"merchant":{"id":"rewe-online-services","version":55048,"name":"REWE","type":"REWE","logo":"https://a.rewe-static.de/partnerlogos/rewe/REWE_mp.png"}}}],"categories":[{"id":"1","primary":false},{"id":"2","primary":false},{"id":"30","primary":true}]},"hasVariants":false,"hasDiverseVariantPrices":false,"shouldDetailsLinkBeMasked":false,"_links":{"detail":{"href":"/p/rewe-beste-wahl-rispentomaten-650g/1041188"}}}]},"toggles":[{"name":"abholservice-reloaded","active":true},{"name":"ini-3678-dismantling-marketplace","active":true},{"name":"ini-3812-hide-regular-price","active":true},{"name":"mengenrabattierung","active":true},{"name":"mobile-payback-apiKey","active":true},{"name":"new-navigation-tracking","active":true},{"name":"offer-details-tracking","active":true},{"name":"payback-card-change","active":true},{"name":"payback-ecoupon-api","active":true},{"name":"payback-evoucher","active":true},{"name":"payback-rewe-newsletter","active":true},{"name":"payback-targeted-bonus-coupon","active":true},{"name":"payback-targeted-burn","active":true},{"name":"payback-voucher-wall","active":true},{"name":"productlist-citrusad","active":true},{"name":"productlist-funneling-zero-results-parcel-check","active":true},{"name":"productlist-gam","active":true},{"name":"productlist-navigation-tracking","active":true},{"name":"productlist-new-deals-page","active":true},{"name":"rewe-sso","active":true},{"name":"wookiees-pickup-page","active":true}],"seoData":{"canonical":"https://shop.rewe.de/c/obst-gemuese/","index":true,"follow":true,"description":"Obst \u0026amp; Gem\u0026uuml;se bequem online kaufen \u0026raquo; Bestellen \u0026amp; Schleppen sparen ✔ Abholen \u0026amp; Zeit sparen ✔ Gro\u0026szlig;e Auswahl ► Jetzt entdecken!","keywords":"Obst \u0026 Gemüse","pageTitle":"Obst \u0026amp; Gem\u0026uuml;se online kaufen | Garantierte Frische - REWE.de","categoryText":"\u003ch2\u003eObst und Gem\u0026uuml;se \u0026ndash; nat\u0026uuml;rlich, lecker und gesund\u003c/h2\u003e\n\u003cp\u003eObst und Gem\u0026uuml;se geh\u0026ouml;ren zur einer \u003ca href=\"https://www.rewe.de/ernaehrung/ausgewogene-ernaehrung/\"\u003eausgewogenen Ern\u0026auml;hrung\u003c/a\u003e dazu, da sind sich Ern\u0026auml;hrungswissenschaftler einig. Sowohl in Obst als auch in Gem\u0026uuml;se sind viele Vitamine und Mineralstoffe enthalten, die der Mensch zum Leben braucht. Was genau drinsteckt, h\u0026auml;ngt von der jeweiligen Sorte ab. Dar\u0026uuml;ber hinaus k\u0026ouml;nnen Obst und Gem\u0026uuml;se auf vielf\u0026auml;ltige Weise zubereitet werden \u0026ndash; ob roh im \u003ca href=\"https://shop.rewe.de/c/obst-gemuese-gemuese-salat/\"\u003eSalat\u003c/a\u003e, in einem vegetarischen Auflauf oder f\u0026uuml;r nahrhafte Suppen. In der Obst- und Gem\u0026uuml;seabteilung von REWE findest du Lebensmittel aus diesen Bereichen:\u003c/p\u003e\n\u003cul\u003e\n\u003cli\u003e\u003ca href=\"https://shop.rewe.de/c/obst-gemuese-gemuese/\"\u003eGem\u0026uuml;se\u003c/a\u003e\u003c/li\u003e\n\u003cli\u003e\u003ca href=\"https://shop.rewe.de/c/obst-gemuese-obst/\"\u003eObst\u003c/a\u003e\u003c/li\u003e\n\u003cli\u003e\u003ca href=\"https://shop.rewe.de/c/obst-gemuese-trockenfruechte-kerne/\"\u003eTrockenfr\u0026uuml;chte \u0026amp; Kerne\u003c/a\u003e\u003c/li\u003e\n\u003cli\u003e\u003ca href=\"https://shop.rewe.de/c/obst-gemuese-kraeuter/\"\u003eKr\u0026auml;uter\u003c/a\u003e\u003c/li\u003e\n\u003c/ul\u003e\n\u003cp\u003eViele Arten von Obst und Gem\u0026uuml;se k\u0026ouml;nnen roh verspeist und ebenso gut zum Kochen verwendet werden. Gem\u0026uuml;se in verschiedener Form ist eine der beliebtesten Beilagen f\u0026uuml;r Gerichte. Zur ersten Beikost, die man Babys geben darf, geh\u0026ouml;rt Gem\u0026uuml;se \u0026ndash; darunter Karotten, Pastinaken oder K\u0026uuml;rbis. Gem\u0026uuml;se und Obst s\u0026auml;ttigen, schmecken gut und versorgen den K\u0026ouml;rper mit vielen wichtigen Vitalstoffen.\u003c/p\u003e\n\u003cp\u003eIn einigen F\u0026auml;llen ist es gar nicht so einfach, Obst und Gem\u0026uuml;se voneinander zu unterscheiden. Als Obst bezeichnet man roh genie\u0026szlig;bare Fr\u0026uuml;chte oder Teile von Fr\u0026uuml;chten wie beispielsweise Samen, die meist viel Wasser enthalten und an B\u0026auml;umen, Str\u0026auml;uchern und mehrj\u0026auml;hrigen Stauden wachsen. Zu Gem\u0026uuml;se z\u0026auml;hlen dagegen essbare Teile von Pflanzen wie Bl\u0026auml;tter, Knollen, St\u0026auml;ngel oder Wurzeln, die roh, gekocht oder als Konserven eingelegt genossen werden k\u0026ouml;nnen.\u003c/p\u003e\n\u003ch3\u003eSaft \u0026ndash; Obst und Gem\u0026uuml;se zum Trinken\u003c/h3\u003e\n\u003cp\u003eEin Glas Saft ohne Zus\u0026auml;tze schmeckt gut und stellt eine M\u0026ouml;glichkeit dar, eine Portion Gem\u0026uuml;se und Obst am Tag zu ersetzen. Obst und Gem\u0026uuml;se entsaftest Du am besten mit einem Entsafter. Das Ger\u0026auml;t presst Fr\u0026uuml;chte und Gem\u0026uuml;seteile effizienter aus, als es manuell je m\u0026ouml;glich w\u0026auml;re. Handelt es sich um Gem\u0026uuml;se und Obst mit geringerem Wasseranteil, greifst du eher zum Stabmixer und p\u0026uuml;rierst alles zu einem vitaminreichen Smoothie, den du mit Beigabe von Wasser d\u0026uuml;nnfl\u0026uuml;ssiger machen kannst. Beim Entsaften unterscheidet man \u0026uuml;brigens grob zwischen dem Kaltentsaften und dem Hei\u0026szlig;entsaften. Beim Kaltentsaften wird den rohen Fr\u0026uuml;chten der Saft entzogen, beim Hei\u0026szlig;entsaften kommt hei\u0026szlig;er Dampf zum Einsatz, der die Fr\u0026uuml;chte sozusagen aufl\u0026ouml;st. Letztere Methode ist effizient, gerade, wenn du gro\u0026szlig;e Mengen Saft herstellen m\u0026ouml;chtest, allerdings gehen aufgrund der hohen Temperaturen Vitamine verloren.\u003c/p\u003e\n\u003cp\u003eAbh\u0026auml;ngig davon, welches Obst und Gem\u0026uuml;se gerade Saison hat, gestaltet sich das Angebot in der Obst- und Gem\u0026uuml;seabteilung. Im Sommer haben hierzulande beispielsweise \u003ca href=\"https://shop.rewe.de/c/obst-gemuese-obst-steinobst-kirschen/\"\u003eKirschen\u003c/a\u003e, Erdbeeren und Brombeeren Saison, im Herbst K\u0026uuml;rbis und Pflaumen. Online findest du n\u0026uuml;tzliche Obst- und Gem\u0026uuml;sekalender, die Auskunft dar\u0026uuml;ber geben, welche Sorten jeweils verf\u0026uuml;gbar sind. Frisches Gem\u0026uuml;se und Obst, Kr\u0026auml;uter und Trockenfr\u0026uuml;chte bieten wir dir in gro\u0026szlig;er Vielfalt bei REWE, darunter nat\u0026uuml;rlich Produkte aus kontrolliert biologischem Anbau, wie z.B.\u0026nbsp;\u003ca href=\"https://shop.rewe.de/c/obst-gemuese-obst/?attribute=organic\"\u003eBio Obst\u003c/a\u003e oder\u0026nbsp;\u003ca href=\"https://shop.rewe.de/c/obst-gemuese-trockenfruechte-kerne-trockenobst-datteln/?attribute=organic\"\u003eBio Datteln.\u003c/a\u003e\u003c/p\u003e"},"marketInfo":{"bulkyGoodsText":"Ab der 3. Getränkekiste fällt ein Getränkezuschlag in Höhe von 1,50€ pro Getränkekiste an. Maximal 7 Getränkekisten bestellbar."},"quickFacets":{"resetQuery":null,"constraints":[{"id":"DISCOUNTED","label":"Angebote","toggleQuery":"category=Obst%20%26%20Gem%C3%BCse\u0026attribute=discounted","applied":false,"count":15,"parameters":[{"key":"attribute","value":"discounted"}]},{"id":"ORGANIC","label":"Bio","toggleQuery":"category=Obst%20%26%20Gem%C3%BCse\u0026attribute=organic","applied":false,"count":46,"parameters":[{"key":"attribute","value":"organic"}]}]},"adData":{"flagshipBanner":null}},"configuration":{"amountHandlerUrl":"http://rewe-basket/addToBasketButton?theme=MediumFav","categoryFiltered":true,"brandFiltered":false,"shippingFiltered":false,"isOnlyOneFilterApplied":true,"debug":false,"discounted":false,"filtered":false,"gitCommitId":"07861ed3f974136a5183dbb2f012de5fb510cb1b","isAuthenticated":false,"isKeywordCampaign":false,"productTileUrl":"http://rewe-product-details/api/ui/products/","reweShopPath":"/c/obst-gemuese/","shopBaseUrl":"https://shop.rewe.de","shopSearchPath":"/productList","isBot":false,"googleAdManagerURL":"https://securepubads.g.doubleclick.net/tag/js/gpt.js","pageType":"categories"},"searchDebugInformation":{"localeString":"en-US","correlationId":"7a765d41-fc08-4f42-befb-cf710b9a25e8"},"headers":{"accept":"text/html,application/xhtml+xml,application/xml;q=0.9,image/avif,image/webp,*/*;q=0.8","accept-encoding":"gzip","cf-ray":"7575b4d6cc92450a-TXL","cf-visitor":"{\"scheme\":\"https\"}","priority":"u=1","user-agent":"Mozilla/5.0 (X11; Linux x86_64; rv:105.0) Gecko/20100101 Firefox/105.0","accept-language":"en-US,en;q=0.5","referer":"https://shop.rewe.de/","upgrade-insecure-requests":"1","sec-fetch-dest":"document","sec-fetch-mode":"navigate","sec-fetch-site":"same-origin","sec-fetch-user":"?1","sec-gpc":"1","cf-connecting-ip":"2001:67c:20a1:1337:b057:2808:796d:a380","cf-pseudo-ipv4":"254.65.27.9","true-client-ip":"2001:67c:20a1:1337:b057:2808:796d:a380","cf-ipcountry":"DE","cdn-loop":"cloudflare","x-cloud-trace-context":"73c99c49ec9e55192f22d233d963a4f5/8560942625361073398","x-forwarded-for":"2001:67c:20a1:1337:b057:2808:796d:a380, 162.158.114.192, 35.244.216.164, 130.211.1.178, 172.29.116.134","x-forwarded-host":"shop.rewe.de:443","x-forwarded-proto":"https","correlation-id":"7a765d41-fc08-4f42-befb-cf710b9a25e8","x-forwarded-port":"443","x-forwarded-server":"shop.rewe.de","x-real-ip":"130.211.1.178","x-instana-t":"1df83ed35251e4a9","forwarded":"for=2001:67c:20a1:1337:b057:2808:796d:a380, 162.158.114.192, 35.244.216.164, 130.211.1.178;proto=http;host=shop.rewe.de;by=unknown","x-rd-browser-id":"64dc5b58-87a3-46b1-ad0e-c0b7ce0673cb","meso-proxy":"2022-10-09T08:22:04.651Z","meso-enriched":"1","meso-is-bot":"0","rpath":"/c/obst-gemuese/","meso-route-id":"5956d811-934e-4299-ab7b-14b254ff674d","x-forwarded-r-path":"/c/:categorySlug","page-context":"shop","x-forwarded-u-path":"/c/obst-gemuese/","x-rd-market-id":"565297","x-rd-service-types":"PICKUP","x-rd-customer-zip":"12203","x-rd-user-intention":"abholservice","x-rd-chosen-service":"abholservice","x-rd-bd-c-order-count":"nl","x-rd-bd-c-segment":"nl","x-rd-objects-per-page":"40","auth-info-session-id":"6dc87b49-1577-4e4c-973d-0330f1898c38","dnt":"0","a-b-test-groups":"abholservice-reloaded, ini-3678-dismantling-marketplace, ini-3812-hide-regular-price, mengenrabattierung, mobile-payback-apiKey, new-navigation-tracking, offer-details-tracking, payback-card-change, payback-ecoupon-api, payback-evoucher, payback-rewe-newsletter, payback-targeted-bonus-coupon, payback-targeted-burn, payback-voucher-wall, productlist-citrusad, productlist-funneling-zero-results-parcel-check, productlist-gam, productlist-navigation-tracking, productlist-new-deals-page, rewe-sso, wookiees-pickup-page","authorization":"Bearer eyJhbGciOiJSUzI1NiIsInR5cCIgOiAiSldUIiwia2lkIiA6ICJBUktOSW1PYjZ6V1F5RGVoM01pNDU1MjNRQmVVb3NocnhGOExZUkgwM1Y4In0.eyJleHAiOjE2NjUzMDM5NDAsImlhdCI6MTY2NTMwMzY0MCwianRpIjoiZDkwNGFhZTUtNWQ0ZS00NDg4LWI3MDctYjljZmI2NTA1ZmVlIiwiaXNzIjoiaHR0cHM6Ly9hdXRoLnJld2UuY2xvdWQvcmVhbG1zL2Vjb20tcHJvZCIsInN1YiI6ImRiZDVmZThhLTY0MDQtNGJkMS1hNzIzLWZjMjY5MjcxZjVhNSIsInR5cCI6IkJlYXJlciIsImF6cCI6InJld2UtZHVjIiwic2Vzc2lvbl9zdGF0ZSI6IjE1MzE5YTRmLTQ0YmQtNDQxMy1hOGQ4LWJmYmUyMzhmZDYzMCIsImFjciI6IjEiLCJzY29wZSI6ImVtYWlsIHJlYWQgcHJvZmlsZSIsImNsaWVudEhvc3QiOiIzNC43Ni41MC4xNzUiLCJlbWFpbF92ZXJpZmllZCI6ZmFsc2UsImNsaWVudElkIjoicmV3ZS1kdWMiLCJwcmVmZXJyZWRfdXNlcm5hbWUiOiJzZXJ2aWNlLWFjY291bnQtcmV3ZS1kdWMiLCJjbGllbnRBZGRyZXNzIjoiMzQuNzYuNTAuMTc1In0.PPXELdQshZShK4qZ1_5X7d27DebOFyjDxLCla1hKpMQpb66rv3wiebRDn1GpeKyNn74SaTZLKQcA7GzkQC50j3fYXq7H9oYRZ7vaVs1DH4Dl7BzCQAqDY_QeJq4hrInBQN7dwA1K_TZAL8z7tEN9ayMJKXzPE5feBG2oS9WzBNQTCY94fbqYmlcVrxfAMLsyGPRvLqqeLyg0NU-KrXXBSckFU3biXOANwSR_HEUpCSE348h6GPxZWNonjwZZ4AEjgNu-pbLZNyNx8Ce9X_Lanirdve5fmE1MxQFIt9wjIep1XDEOezl8HX_kbosBhecRoJ_BR3rjHZbxmANLLZQZ_w","meso-request-type":"template","host":"productlist-renderer","x-rd-user-consent":"{\"tms\":1,\"necessaryCookies\":1,\"cmpPlatform\":1,\"marketingBilling\":1,\"fraudProtection\":1,\"advertisingOnsite\":1,\"marketingOnsite\":1,\"basicAnalytics\":1,\"sessionMonitoring\":0,\"serviceMonitoring\":0,\"abTesting\":0,\"conversionOptimization\":0,\"feederAnalytics\":0,\"extendedAnalytics\":0,\"personalAdsOnsite\":0,\"remarketingOffsite\":0,\"targetGroup\":0,\"userProfiling\":0,\"crossDomainAnalytics\":0,\"status\":0}","cache-control":"no-cache, no-store, must-revalidate","pragma":"no-cache","expires":"0","x-instana-s":"fa5e83265d9b68be","x-instana-l":"1","traceparent":"00-00000000000000001df83ed35251e4a9-fa5e83265d9b68be-01","tracestate":"in=1df83ed35251e4a9;fa5e83265d9b68be","connection":"close"},"statusCode":200,"tracking":{"user":{"customerType":null,"loginStatus":"guest","zip":"12203","hashedUUId":null,"consent":{"tms":1,"necessaryCookies":1,"cmpPlatform":1,"marketingBilling":1,"fraudProtection":1,"advertisingOnsite":1,"marketingOnsite":1,"basicAnalytics":1,"sessionMonitoring":0,"serviceMonitoring":0,"abTesting":0,"conversionOptimization":0,"feederAnalytics":0,"extendedAnalytics":0,"personalAdsOnsite":0,"remarketingOffsite":0,"targetGroup":0,"userProfiling":0,"crossDomainAnalytics":0,"status":0}},"market":{"marketId":"565297","serviceType":"PICKUP"},"productlistPageType":"categories","category":"obst-gemuese","searchTerm":"*","products":["5825563","1428871","7230923","1907459","8179366","8365705","151854","1930502","8108440","5800","7261673","482331","1007433","1033904","1033906","482595","3399567","1218820","1045111","8339524","469769","483010","8378934","8033637","8035226","195634","1041139","570311","482404","25267","3029089","1057955","1040657","1902921","483559","8311846","1028378","1928831","1947331","8380889","1041188"],"attribute":null,"brand":null}},"__N_SSP":true},"page":"/productList","query":{"categorySlug":"obst-gemuese","source":"homepage-category"},"buildId":"owuhEO65AmHt86UXIf_bT","assetPrefix":"https://shop.rewe-static.de/productlist-renderer/07861ed3f974136a5183dbb2f012de5fb510cb1b","isFallback":false,"gssp":true,"scriptLoader":[]}</script><script src="https://shop.rewe-static.de/productlist-renderer/07861ed3f974136a5183dbb2f012de5fb510cb1b/_next/static/chunks/polyfills-0d1b80a048d4787e.js" defer="" nomodule=""></script><script src="https://shop.rewe-static.de/productlist-renderer/07861ed3f974136a5183dbb2f012de5fb510cb1b/_next/static/chunks/webpack-86a4883d548e0b35.js" defer=""></script><script src="https://shop.rewe-static.de/productlist-renderer/07861ed3f974136a5183dbb2f012de5fb510cb1b/_next/static/chunks/main-3f670e87ec78a977.js" defer=""></script><script src="https://shop.rewe-static.de/productlist-renderer/07861ed3f974136a5183dbb2f012de5fb510cb1b/_next/static/chunks/framework-2d4b08419dd2cacf.js" defer=""></script><script src="https://shop.rewe-static.de/productlist-renderer/07861ed3f974136a5183dbb2f012de5fb510cb1b/_next/static/chunks/pages/_app-809b39924d4f18a7.js" defer=""></script><script src="https://shop.rewe-static.de/productlist-renderer/07861ed3f974136a5183dbb2f012de5fb510cb1b/_next/static/chunks/863-81d8ebacd3eb8497.js" defer=""></script><script src="https://shop.rewe-static.de/productlist-renderer/07861ed3f974136a5183dbb2f012de5fb510cb1b/_next/static/chunks/603-0c786289195fab91.js" defer=""></script><script src="https://shop.rewe-static.de/productlist-renderer/07861ed3f974136a5183dbb2f012de5fb510cb1b/_next/static/chunks/379-49973ff34fe87333.js" defer=""></script><script src="https://shop.rewe-static.de/productlist-renderer/07861ed3f974136a5183dbb2f012de5fb510cb1b/_next/static/chunks/401-e836672289fdafb5.js" defer=""></script><script src="https://shop.rewe-static.de/productlist-renderer/07861ed3f974136a5183dbb2f012de5fb510cb1b/_next/static/chunks/pages/productList-174a7a122d0faa9f.js" defer=""></script><script src="https://shop.rewe-static.de/productlist-renderer/07861ed3f974136a5183dbb2f012de5fb510cb1b/_next/static/owuhEO65AmHt86UXIf_bT/_buildManifest.js" defer=""></script><script src="https://shop.rewe-static.de/productlist-renderer/07861ed3f974136a5183dbb2f012de5fb510cb1b/_next/static/owuhEO65AmHt86UXIf_bT/_ssgManifest.js" defer=""></script><script src="https://shop.rewe-static.de/head/fc29215c27eea6390809ae58afa7b2a60c58a49c/dist/shop-header-bundle.js"></script><script src="https://shop.rewe-static.de/rewe-basket/7a7ad2b32/bubble.js"></script><script src="https://dynamic.criteo.com/js/ld/ld.js?a=26001"></script><script src="https://shop.rewe-static.de/rewe-basket/7a7ad2b32/basketLinkBundle.js" defer=""></script><script src="https://shop.rewe-static.de/mcfe/assets/mobileheaderbutton.69ece9a3050a94f812b3.js"></script><script src="https://shop.rewe-static.de/timeslot-service/2-6720/timeslots-button.js"></script><script src="https://shop.rewe-static.de/login-frontend/880ba6a6dd77e2496d198ca6c0a0d99ed0eff400/assets/js/mobileLoginStatus.min.js"></script><script src="https://shop.rewe-static.de/mcfe/assets/headerbutton.55074bb05ae36e8701dd.js"></script><script src="https://shop.rewe-static.de/login-frontend/880ba6a6dd77e2496d198ca6c0a0d99ed0eff400/assets/js/desktopLoginStatus.min.js"></script><script src="https://shop.rewe-static.de/mcfe/assets/headerlink.93767cd50d74a583570f.js"></script><script src="https://shop.rewe-static.de/suggestions-renderer/834a48c570b5d1d02a1e6b1541513eefc9b8624e/suggestions-renderer.client.bundle.js" async="true"></script><script src="https://shop.rewe-static.de/rewe-navigation-service/894d2b5fcc5217d6624ab3a8367bca41f11f2523/js/navigation/navigation.min.js" type="text/javascript" charset="utf-8"></script><script src="https://shop.rewe-static.de/timeslot-service/2-6720/timeslots-popup.js" defer="defer"></script><script src="https://shop.rewe-static.de/rewe-myproducts/1460f8b0a79573560094733389e74ebb95f3137b/js/FavoritesOverlordManager-bundle.js" type="text/javascript"></script><script src="https://shop.rewe-static.de/rewe-footer/ca6e228bc8c6e4ac307b7eec570389745e3b877f/rewe-footer.js" defer=""></script><script src="https://shop.rewe-static.de/content-linklist/af7050b3ea177917f5cb94637b602560255df732/js/main.js"></script><script src="https://shop.rewe-static.de/content-newsletter-registration/static/js/teaser.3d097e8a3acbaf19b131.js" defer="defer"></script><script src="https://shop.rewe-static.de/content-newsletter-registration/static/js/overlay.409fc6334921a37272a7.js" defer="defer"></script><script defer="" src="https://static.cloudflareinsights.com/beacon.min.js/v652eace1692a40cfa3763df669d7439c1639079717194" integrity="sha512-Gi7xpJR8tSkrpF7aordPZQlW2DLtzUlZcumS8dMQjwDHEnw9I7ZLyiOj/6tZStRBGtGgN6ceN6cMH8z7etPGlw==" data-cf-beacon="{&quot;rayId&quot;:&quot;7575b4d6cc92450a&quot;,&quot;token&quot;:&quot;110848fc5a444b9e872bbc01d9a4e048&quot;,&quot;version&quot;:&quot;2022.8.1&quot;,&quot;si&quot;:100}" crossorigin="anonymous"></script>
<div class="LinesEllipsis-canvas " aria-hidden="true" style="box-sizing: border-box; width: 239.5px; font-size: 18px; font-weight: 500; font-family: UnitRoundedOT, Helvetica Neue, Helvetica, Arial, sans-serif; font-style: normal; letter-spacing: normal; text-indent: 0px; white-space: pre-wrap; word-break: normal; overflow-wrap: normal; padding: 0px; position: absolute; bottom: 0px; left: 0px; height: 0px; overflow: hidden; border: medium none;"><span class="LinesEllipsis-unit">A</span><span class="LinesEllipsis-unit">p</span><span class="LinesEllipsis-unit">f</span><span class="LinesEllipsis-unit">e</span><span class="LinesEllipsis-unit">l</span><span class="LinesEllipsis-unit"> </span><span class="LinesEllipsis-unit">B</span><span class="LinesEllipsis-unit">r</span><span class="LinesEllipsis-unit">a</span><span class="LinesEllipsis-unit">e</span><span class="LinesEllipsis-unit">b</span><span class="LinesEllipsis-unit">u</span><span class="LinesEllipsis-unit">r</span><span class="LinesEllipsis-unit">n</span><span class="LinesEllipsis-unit"> </span><span class="LinesEllipsis-unit">r</span><span class="LinesEllipsis-unit">o</span><span class="LinesEllipsis-unit">t</span><span class="LinesEllipsis-unit"> </span><span class="LinesEllipsis-unit">c</span><span class="LinesEllipsis-unit">a</span><span class="LinesEllipsis-unit">.</span><span class="LinesEllipsis-unit"> </span><span class="LinesEllipsis-unit">2</span><span class="LinesEllipsis-unit">0</span><span class="LinesEllipsis-unit">0</span><span class="LinesEllipsis-unit">g</span></div><div class="LinesEllipsis-canvas " aria-hidden="true" style="box-sizing: border-box; width: 239.5px; font-size: 18px; font-weight: 500; font-family: UnitRoundedOT, Helvetica Neue, Helvetica, Arial, sans-serif; font-style: normal; letter-spacing: normal; text-indent: 0px; white-space: pre-wrap; word-break: normal; overflow-wrap: normal; padding: 0px; position: absolute; bottom: 0px; left: 0px; height: 0px; overflow: hidden; border: medium none;"><span class="LinesEllipsis-unit">A</span><span class="LinesEllipsis-unit">p</span><span class="LinesEllipsis-unit">f</span><span class="LinesEllipsis-unit">e</span><span class="LinesEllipsis-unit">l</span><span class="LinesEllipsis-unit"> </span><span class="LinesEllipsis-unit">J</span><span class="LinesEllipsis-unit">a</span><span class="LinesEllipsis-unit">z</span><span class="LinesEllipsis-unit">z</span><span class="LinesEllipsis-unit"> </span><span class="LinesEllipsis-unit">S</span><span class="LinesEllipsis-unit">c</span><span class="LinesEllipsis-unit">i</span><span class="LinesEllipsis-unit">f</span><span class="LinesEllipsis-unit">r</span><span class="LinesEllipsis-unit">e</span><span class="LinesEllipsis-unit">s</span><span class="LinesEllipsis-unit">h</span><span class="LinesEllipsis-unit"> </span><span class="LinesEllipsis-unit">c</span><span class="LinesEllipsis-unit">a</span><span class="LinesEllipsis-unit">.</span><span class="LinesEllipsis-unit"> </span><span class="LinesEllipsis-unit">9</span><span class="LinesEllipsis-unit">6</span><span class="LinesEllipsis-unit">0</span><span class="LinesEllipsis-unit">g</span><span class="LinesEllipsis-unit"> </span><span class="LinesEllipsis-unit">i</span><span class="LinesEllipsis-unit">n</span><span class="LinesEllipsis-unit"> </span><span class="LinesEllipsis-unit">d</span><span class="LinesEllipsis-unit">e</span><span class="LinesEllipsis-unit">r</span><span class="LinesEllipsis-unit"> </span><span class="LinesEllipsis-unit">S</span><span class="LinesEllipsis-unit">c</span><span class="LinesEllipsis-unit">h</span><span class="LinesEllipsis-unit">a</span><span class="LinesEllipsis-unit">l</span><span class="LinesEllipsis-unit">e</span></div><div class="LinesEllipsis-canvas " aria-hidden="true" style="box-sizing: border-box; width: 239.5px; font-size: 18px; font-weight: 500; font-family: UnitRoundedOT, Helvetica Neue, Helvetica, Arial, sans-serif; font-style: normal; letter-spacing: normal; text-indent: 0px; white-space: pre-wrap; word-break: normal; overflow-wrap: normal; padding: 0px; position: absolute; bottom: 0px; left: 0px; height: 0px; overflow: hidden; border: medium none;"><span class="LinesEllipsis-unit">C</span><span class="LinesEllipsis-unit">h</span><span class="LinesEllipsis-unit">i</span><span class="LinesEllipsis-unit">q</span><span class="LinesEllipsis-unit">u</span><span class="LinesEllipsis-unit">i</span><span class="LinesEllipsis-unit">t</span><span class="LinesEllipsis-unit">a</span><span class="LinesEllipsis-unit"> </span><span class="LinesEllipsis-unit">B</span><span class="LinesEllipsis-unit">a</span><span class="LinesEllipsis-unit">n</span><span class="LinesEllipsis-unit">a</span><span class="LinesEllipsis-unit">n</span><span class="LinesEllipsis-unit">e</span><span class="LinesEllipsis-unit"> </span><span class="LinesEllipsis-unit">c</span><span class="LinesEllipsis-unit">a</span><span class="LinesEllipsis-unit">.</span><span class="LinesEllipsis-unit"> </span><span class="LinesEllipsis-unit">2</span><span class="LinesEllipsis-unit">0</span><span class="LinesEllipsis-unit">0</span><span class="LinesEllipsis-unit">g</span></div><div class="LinesEllipsis-canvas " aria-hidden="true" style="box-sizing: border-box; width: 239.5px; font-size: 18px; font-weight: 500; font-family: UnitRoundedOT, Helvetica Neue, Helvetica, Arial, sans-serif; font-style: normal; letter-spacing: normal; text-indent: 0px; white-space: pre-wrap; word-break: normal; overflow-wrap: normal; padding: 0px; position: absolute; bottom: 0px; left: 0px; height: 0px; overflow: hidden; border: medium none;"><span class="LinesEllipsis-unit">A</span><span class="LinesEllipsis-unit">p</span><span class="LinesEllipsis-unit">f</span><span class="LinesEllipsis-unit">e</span><span class="LinesEllipsis-unit">l</span><span class="LinesEllipsis-unit"> </span><span class="LinesEllipsis-unit">P</span><span class="LinesEllipsis-unit">i</span><span class="LinesEllipsis-unit">n</span><span class="LinesEllipsis-unit">k</span><span class="LinesEllipsis-unit"> </span><span class="LinesEllipsis-unit">L</span><span class="LinesEllipsis-unit">a</span><span class="LinesEllipsis-unit">d</span><span class="LinesEllipsis-unit">y</span><span class="LinesEllipsis-unit"> </span><span class="LinesEllipsis-unit">6</span><span class="LinesEllipsis-unit"> </span><span class="LinesEllipsis-unit">S</span><span class="LinesEllipsis-unit">t</span><span class="LinesEllipsis-unit">ü</span><span class="LinesEllipsis-unit">c</span><span class="LinesEllipsis-unit">k</span><span class="LinesEllipsis-unit"> </span><span class="LinesEllipsis-unit">i</span><span class="LinesEllipsis-unit">n</span><span class="LinesEllipsis-unit"> </span><span class="LinesEllipsis-unit">d</span><span class="LinesEllipsis-unit">e</span><span class="LinesEllipsis-unit">r</span><span class="LinesEllipsis-unit"> </span><span class="LinesEllipsis-unit">S</span><span class="LinesEllipsis-unit">c</span><span class="LinesEllipsis-unit">h</span><span class="LinesEllipsis-unit">a</span><span class="LinesEllipsis-unit">l</span><span class="LinesEllipsis-unit">e</span></div><div class="LinesEllipsis-canvas " aria-hidden="true" style="box-sizing: border-box; width: 239.5px; font-size: 18px; font-weight: 500; font-family: UnitRoundedOT, Helvetica Neue, Helvetica, Arial, sans-serif; font-style: normal; letter-spacing: normal; text-indent: 0px; white-space: pre-wrap; word-break: normal; overflow-wrap: normal; padding: 0px; position: absolute; bottom: 0px; left: 0px; height: 0px; overflow: hidden; border: medium none;"><span class="LinesEllipsis-unit">A</span><span class="LinesEllipsis-unit">p</span><span class="LinesEllipsis-unit">f</span><span class="LinesEllipsis-unit">e</span><span class="LinesEllipsis-unit">l</span><span class="LinesEllipsis-unit"> </span><span class="LinesEllipsis-unit">S</span><span class="LinesEllipsis-unit">n</span><span class="LinesEllipsis-unit">a</span><span class="LinesEllipsis-unit">c</span><span class="LinesEllipsis-unit">k</span><span class="LinesEllipsis-unit"> </span><span class="LinesEllipsis-unit">G</span><span class="LinesEllipsis-unit">a</span><span class="LinesEllipsis-unit">l</span><span class="LinesEllipsis-unit">a</span><span class="LinesEllipsis-unit"> </span><span class="LinesEllipsis-unit">1</span><span class="LinesEllipsis-unit">k</span><span class="LinesEllipsis-unit">g</span></div><div class="LinesEllipsis-canvas " aria-hidden="true" style="box-sizing: border-box; width: 239.5px; font-size: 18px; font-weight: 500; font-family: UnitRoundedOT, Helvetica Neue, Helvetica, Arial, sans-serif; font-style: normal; letter-spacing: normal; text-indent: 0px; white-space: pre-wrap; word-break: normal; overflow-wrap: normal; padding: 0px; position: absolute; bottom: 0px; left: 0px; height: 0px; overflow: hidden; border: medium none;"><span class="LinesEllipsis-unit">A</span><span class="LinesEllipsis-unit">p</span><span class="LinesEllipsis-unit">f</span><span class="LinesEllipsis-unit">e</span><span class="LinesEllipsis-unit">l</span><span class="LinesEllipsis-unit"> </span><span class="LinesEllipsis-unit">r</span><span class="LinesEllipsis-unit">o</span><span class="LinesEllipsis-unit">t</span><span class="LinesEllipsis-unit"> </span><span class="LinesEllipsis-unit">2</span><span class="LinesEllipsis-unit">k</span><span class="LinesEllipsis-unit">g</span></div><div class="LinesEllipsis-canvas " aria-hidden="true" style="box-sizing: border-box; width: 239.5px; font-size: 18px; font-weight: 500; font-family: UnitRoundedOT, Helvetica Neue, Helvetica, Arial, sans-serif; font-style: normal; letter-spacing: normal; text-indent: 0px; white-space: pre-wrap; word-break: normal; overflow-wrap: normal; padding: 0px; position: absolute; bottom: 0px; left: 0px; height: 0px; overflow: hidden; border: medium none;"><span class="LinesEllipsis-unit">A</span><span class="LinesEllipsis-unit">v</span><span class="LinesEllipsis-unit">o</span><span class="LinesEllipsis-unit">c</span><span class="LinesEllipsis-unit">a</span><span class="LinesEllipsis-unit">d</span><span class="LinesEllipsis-unit">o</span><span class="LinesEllipsis-unit"> </span><span class="LinesEllipsis-unit">H</span><span class="LinesEllipsis-unit">a</span><span class="LinesEllipsis-unit">s</span><span class="LinesEllipsis-unit">s</span><span class="LinesEllipsis-unit"> </span><span class="LinesEllipsis-unit">e</span><span class="LinesEllipsis-unit">s</span><span class="LinesEllipsis-unit">s</span><span class="LinesEllipsis-unit">r</span><span class="LinesEllipsis-unit">e</span><span class="LinesEllipsis-unit">i</span><span class="LinesEllipsis-unit">f</span><span class="LinesEllipsis-unit"> </span><span class="LinesEllipsis-unit">1</span><span class="LinesEllipsis-unit"> </span><span class="LinesEllipsis-unit">S</span><span class="LinesEllipsis-unit">t</span><span class="LinesEllipsis-unit">ü</span><span class="LinesEllipsis-unit">c</span><span class="LinesEllipsis-unit">k</span></div><div class="LinesEllipsis-canvas " aria-hidden="true" style="box-sizing: border-box; width: 239.5px; font-size: 18px; font-weight: 500; font-family: UnitRoundedOT, Helvetica Neue, Helvetica, Arial, sans-serif; font-style: normal; letter-spacing: normal; text-indent: 0px; white-space: pre-wrap; word-break: normal; overflow-wrap: normal; padding: 0px; position: absolute; bottom: 0px; left: 0px; height: 0px; overflow: hidden; border: medium none;"><span class="LinesEllipsis-unit">B</span><span class="LinesEllipsis-unit">i</span><span class="LinesEllipsis-unit">o</span><span class="LinesEllipsis-unit"> </span><span class="LinesEllipsis-unit">B</span><span class="LinesEllipsis-unit">a</span><span class="LinesEllipsis-unit">n</span><span class="LinesEllipsis-unit">a</span><span class="LinesEllipsis-unit">n</span><span class="LinesEllipsis-unit">e</span><span class="LinesEllipsis-unit"> </span><span class="LinesEllipsis-unit">c</span><span class="LinesEllipsis-unit">a</span><span class="LinesEllipsis-unit">.</span><span class="LinesEllipsis-unit"> </span><span class="LinesEllipsis-unit">2</span><span class="LinesEllipsis-unit">0</span><span class="LinesEllipsis-unit">0</span><span class="LinesEllipsis-unit">g</span></div><div class="LinesEllipsis-canvas " aria-hidden="true" style="box-sizing: border-box; width: 239.5px; font-size: 18px; font-weight: 500; font-family: UnitRoundedOT, Helvetica Neue, Helvetica, Arial, sans-serif; font-style: normal; letter-spacing: normal; text-indent: 0px; white-space: pre-wrap; word-break: normal; overflow-wrap: normal; padding: 0px; position: absolute; bottom: 0px; left: 0px; height: 0px; overflow: hidden; border: medium none;"><span class="LinesEllipsis-unit">B</span><span class="LinesEllipsis-unit">i</span><span class="LinesEllipsis-unit">o</span><span class="LinesEllipsis-unit"> </span><span class="LinesEllipsis-unit">K</span><span class="LinesEllipsis-unit">a</span><span class="LinesEllipsis-unit">r</span><span class="LinesEllipsis-unit">t</span><span class="LinesEllipsis-unit">o</span><span class="LinesEllipsis-unit">f</span><span class="LinesEllipsis-unit">f</span><span class="LinesEllipsis-unit">e</span><span class="LinesEllipsis-unit">l</span><span class="LinesEllipsis-unit">n</span><span class="LinesEllipsis-unit"> </span><span class="LinesEllipsis-unit">v</span><span class="LinesEllipsis-unit">o</span><span class="LinesEllipsis-unit">r</span><span class="LinesEllipsis-unit">w</span><span class="LinesEllipsis-unit">i</span><span class="LinesEllipsis-unit">e</span><span class="LinesEllipsis-unit">g</span><span class="LinesEllipsis-unit">e</span><span class="LinesEllipsis-unit">n</span><span class="LinesEllipsis-unit">d</span><span class="LinesEllipsis-unit"> </span><span class="LinesEllipsis-unit">f</span><span class="LinesEllipsis-unit">e</span><span class="LinesEllipsis-unit">s</span><span class="LinesEllipsis-unit">t</span><span class="LinesEllipsis-unit">k</span><span class="LinesEllipsis-unit">o</span><span class="LinesEllipsis-unit">c</span><span class="LinesEllipsis-unit">h</span><span class="LinesEllipsis-unit">e</span><span class="LinesEllipsis-unit">n</span><span class="LinesEllipsis-unit">d</span><span class="LinesEllipsis-unit"> </span><span class="LinesEllipsis-unit">1</span><span class="LinesEllipsis-unit">,</span><span class="LinesEllipsis-unit">5</span><span class="LinesEllipsis-unit">k</span><span class="LinesEllipsis-unit">g</span></div><div class="LinesEllipsis-canvas " aria-hidden="true" style="box-sizing: border-box; width: 239.5px; font-size: 18px; font-weight: 500; font-family: UnitRoundedOT, Helvetica Neue, Helvetica, Arial, sans-serif; font-style: normal; letter-spacing: normal; text-indent: 0px; white-space: pre-wrap; word-break: normal; overflow-wrap: normal; padding: 0px; position: absolute; bottom: 0px; left: 0px; height: 0px; overflow: hidden; border: medium none;"><span class="LinesEllipsis-unit">B</span><span class="LinesEllipsis-unit">i</span><span class="LinesEllipsis-unit">r</span><span class="LinesEllipsis-unit">n</span><span class="LinesEllipsis-unit">e</span><span class="LinesEllipsis-unit"> </span><span class="LinesEllipsis-unit">A</span><span class="LinesEllipsis-unit">b</span><span class="LinesEllipsis-unit">a</span><span class="LinesEllipsis-unit">t</span><span class="LinesEllipsis-unit">e</span><span class="LinesEllipsis-unit"> </span><span class="LinesEllipsis-unit">F</span><span class="LinesEllipsis-unit">e</span><span class="LinesEllipsis-unit">t</span><span class="LinesEllipsis-unit">e</span><span class="LinesEllipsis-unit">l</span><span class="LinesEllipsis-unit"> </span><span class="LinesEllipsis-unit">c</span><span class="LinesEllipsis-unit">a</span><span class="LinesEllipsis-unit">.</span><span class="LinesEllipsis-unit"> </span><span class="LinesEllipsis-unit">2</span><span class="LinesEllipsis-unit">0</span><span class="LinesEllipsis-unit">0</span><span class="LinesEllipsis-unit">g</span></div><div class="LinesEllipsis-canvas " aria-hidden="true" style="box-sizing: border-box; width: 239.5px; font-size: 18px; font-weight: 500; font-family: UnitRoundedOT, Helvetica Neue, Helvetica, Arial, sans-serif; font-style: normal; letter-spacing: normal; text-indent: 0px; white-space: pre-wrap; word-break: normal; overflow-wrap: normal; padding: 0px; position: absolute; bottom: 0px; left: 0px; height: 0px; overflow: hidden; border: medium none;"><span class="LinesEllipsis-unit">B</span><span class="LinesEllipsis-unit">i</span><span class="LinesEllipsis-unit">r</span><span class="LinesEllipsis-unit">n</span><span class="LinesEllipsis-unit">e</span><span class="LinesEllipsis-unit"> </span><span class="LinesEllipsis-unit">g</span><span class="LinesEllipsis-unit">r</span><span class="LinesEllipsis-unit">ü</span><span class="LinesEllipsis-unit">n</span><span class="LinesEllipsis-unit"> </span><span class="LinesEllipsis-unit">1</span><span class="LinesEllipsis-unit">k</span><span class="LinesEllipsis-unit">g</span></div><div class="LinesEllipsis-canvas " aria-hidden="true" style="box-sizing: border-box; width: 239.5px; font-size: 18px; font-weight: 500; font-family: UnitRoundedOT, Helvetica Neue, Helvetica, Arial, sans-serif; font-style: normal; letter-spacing: normal; text-indent: 0px; white-space: pre-wrap; word-break: normal; overflow-wrap: normal; padding: 0px; position: absolute; bottom: 0px; left: 0px; height: 0px; overflow: hidden; border: medium none;"><span class="LinesEllipsis-unit">B</span><span class="LinesEllipsis-unit">l</span><span class="LinesEllipsis-unit">u</span><span class="LinesEllipsis-unit">m</span><span class="LinesEllipsis-unit">e</span><span class="LinesEllipsis-unit">n</span><span class="LinesEllipsis-unit">k</span><span class="LinesEllipsis-unit">o</span><span class="LinesEllipsis-unit">h</span><span class="LinesEllipsis-unit">l</span><span class="LinesEllipsis-unit"> </span><span class="LinesEllipsis-unit">w</span><span class="LinesEllipsis-unit">e</span><span class="LinesEllipsis-unit">i</span><span class="LinesEllipsis-unit">ß</span><span class="LinesEllipsis-unit"> </span><span class="LinesEllipsis-unit">1</span><span class="LinesEllipsis-unit"> </span><span class="LinesEllipsis-unit">S</span><span class="LinesEllipsis-unit">t</span><span class="LinesEllipsis-unit">ü</span><span class="LinesEllipsis-unit">c</span><span class="LinesEllipsis-unit">k</span></div><div class="LinesEllipsis-canvas " aria-hidden="true" style="box-sizing: border-box; width: 239.5px; font-size: 18px; font-weight: 500; font-family: UnitRoundedOT, Helvetica Neue, Helvetica, Arial, sans-serif; font-style: normal; letter-spacing: normal; text-indent: 0px; white-space: pre-wrap; word-break: normal; overflow-wrap: normal; padding: 0px; position: absolute; bottom: 0px; left: 0px; height: 0px; overflow: hidden; border: medium none;"><span class="LinesEllipsis-unit">B</span><span class="LinesEllipsis-unit">r</span><span class="LinesEllipsis-unit">o</span><span class="LinesEllipsis-unit">c</span><span class="LinesEllipsis-unit">c</span><span class="LinesEllipsis-unit">o</span><span class="LinesEllipsis-unit">l</span><span class="LinesEllipsis-unit">i</span><span class="LinesEllipsis-unit"> </span><span class="LinesEllipsis-unit">5</span><span class="LinesEllipsis-unit">0</span><span class="LinesEllipsis-unit">0</span><span class="LinesEllipsis-unit">g</span></div><div class="LinesEllipsis-canvas " aria-hidden="true" style="box-sizing: border-box; width: 239.5px; font-size: 18px; font-weight: 500; font-family: UnitRoundedOT, Helvetica Neue, Helvetica, Arial, sans-serif; font-style: normal; letter-spacing: normal; text-indent: 0px; white-space: pre-wrap; word-break: normal; overflow-wrap: normal; padding: 0px; position: absolute; bottom: 0px; left: 0px; height: 0px; overflow: hidden; border: medium none;"><span class="LinesEllipsis-unit">C</span><span class="LinesEllipsis-unit">h</span><span class="LinesEllipsis-unit">e</span><span class="LinesEllipsis-unit">r</span><span class="LinesEllipsis-unit">r</span><span class="LinesEllipsis-unit">y</span><span class="LinesEllipsis-unit"> </span><span class="LinesEllipsis-unit">R</span><span class="LinesEllipsis-unit">i</span><span class="LinesEllipsis-unit">s</span><span class="LinesEllipsis-unit">p</span><span class="LinesEllipsis-unit">e</span><span class="LinesEllipsis-unit">n</span><span class="LinesEllipsis-unit">t</span><span class="LinesEllipsis-unit">o</span><span class="LinesEllipsis-unit">m</span><span class="LinesEllipsis-unit">a</span><span class="LinesEllipsis-unit">t</span><span class="LinesEllipsis-unit">e</span><span class="LinesEllipsis-unit"> </span><span class="LinesEllipsis-unit">3</span><span class="LinesEllipsis-unit">5</span><span class="LinesEllipsis-unit">0</span><span class="LinesEllipsis-unit">g</span></div><div class="LinesEllipsis-canvas " aria-hidden="true" style="box-sizing: border-box; width: 239.5px; font-size: 18px; font-weight: 500; font-family: UnitRoundedOT, Helvetica Neue, Helvetica, Arial, sans-serif; font-style: normal; letter-spacing: normal; text-indent: 0px; white-space: pre-wrap; word-break: normal; overflow-wrap: normal; padding: 0px; position: absolute; bottom: 0px; left: 0px; height: 0px; overflow: hidden; border: medium none;"><span class="LinesEllipsis-unit">C</span><span class="LinesEllipsis-unit">h</span><span class="LinesEllipsis-unit">e</span><span class="LinesEllipsis-unit">r</span><span class="LinesEllipsis-unit">r</span><span class="LinesEllipsis-unit">y</span><span class="LinesEllipsis-unit"> </span><span class="LinesEllipsis-unit">R</span><span class="LinesEllipsis-unit">o</span><span class="LinesEllipsis-unit">m</span><span class="LinesEllipsis-unit">a</span><span class="LinesEllipsis-unit">t</span><span class="LinesEllipsis-unit">o</span><span class="LinesEllipsis-unit">m</span><span class="LinesEllipsis-unit">a</span><span class="LinesEllipsis-unit">t</span><span class="LinesEllipsis-unit">e</span><span class="LinesEllipsis-unit">n</span><span class="LinesEllipsis-unit"> </span><span class="LinesEllipsis-unit">2</span><span class="LinesEllipsis-unit">5</span><span class="LinesEllipsis-unit">0</span><span class="LinesEllipsis-unit">g</span></div><div class="LinesEllipsis-canvas " aria-hidden="true" style="box-sizing: border-box; width: 239.5px; font-size: 18px; font-weight: 500; font-family: UnitRoundedOT, Helvetica Neue, Helvetica, Arial, sans-serif; font-style: normal; letter-spacing: normal; text-indent: 0px; white-space: pre-wrap; word-break: normal; overflow-wrap: normal; padding: 0px; position: absolute; bottom: 0px; left: 0px; height: 0px; overflow: hidden; border: medium none;"><span class="LinesEllipsis-unit">E</span><span class="LinesEllipsis-unit">i</span><span class="LinesEllipsis-unit">s</span><span class="LinesEllipsis-unit">b</span><span class="LinesEllipsis-unit">e</span><span class="LinesEllipsis-unit">r</span><span class="LinesEllipsis-unit">g</span><span class="LinesEllipsis-unit">s</span><span class="LinesEllipsis-unit">a</span><span class="LinesEllipsis-unit">l</span><span class="LinesEllipsis-unit">a</span><span class="LinesEllipsis-unit">t</span><span class="LinesEllipsis-unit"> </span><span class="LinesEllipsis-unit">1</span><span class="LinesEllipsis-unit"> </span><span class="LinesEllipsis-unit">S</span><span class="LinesEllipsis-unit">t</span><span class="LinesEllipsis-unit">ü</span><span class="LinesEllipsis-unit">c</span><span class="LinesEllipsis-unit">k</span></div><div class="LinesEllipsis-canvas " aria-hidden="true" style="box-sizing: border-box; width: 239.5px; font-size: 18px; font-weight: 500; font-family: UnitRoundedOT, Helvetica Neue, Helvetica, Arial, sans-serif; font-style: normal; letter-spacing: normal; text-indent: 0px; white-space: pre-wrap; word-break: normal; overflow-wrap: normal; padding: 0px; position: absolute; bottom: 0px; left: 0px; height: 0px; overflow: hidden; border: medium none;"><span class="LinesEllipsis-unit">H</span><span class="LinesEllipsis-unit">o</span><span class="LinesEllipsis-unit">k</span><span class="LinesEllipsis-unit">k</span><span class="LinesEllipsis-unit">a</span><span class="LinesEllipsis-unit">i</span><span class="LinesEllipsis-unit">d</span><span class="LinesEllipsis-unit">o</span><span class="LinesEllipsis-unit">-</span><span class="LinesEllipsis-unit">K</span><span class="LinesEllipsis-unit">ü</span><span class="LinesEllipsis-unit">r</span><span class="LinesEllipsis-unit">b</span><span class="LinesEllipsis-unit">i</span><span class="LinesEllipsis-unit">s</span><span class="LinesEllipsis-unit"> </span><span class="LinesEllipsis-unit">c</span><span class="LinesEllipsis-unit">a</span><span class="LinesEllipsis-unit">.</span><span class="LinesEllipsis-unit"> </span><span class="LinesEllipsis-unit">1</span><span class="LinesEllipsis-unit">4</span><span class="LinesEllipsis-unit">0</span><span class="LinesEllipsis-unit">0</span><span class="LinesEllipsis-unit">g</span></div><div class="LinesEllipsis-canvas " aria-hidden="true" style="box-sizing: border-box; width: 239.5px; font-size: 18px; font-weight: 500; font-family: UnitRoundedOT, Helvetica Neue, Helvetica, Arial, sans-serif; font-style: normal; letter-spacing: normal; text-indent: 0px; white-space: pre-wrap; word-break: normal; overflow-wrap: normal; padding: 0px; position: absolute; bottom: 0px; left: 0px; height: 0px; overflow: hidden; border: medium none;"><span class="LinesEllipsis-unit">I</span><span class="LinesEllipsis-unit">n</span><span class="LinesEllipsis-unit">g</span><span class="LinesEllipsis-unit">w</span><span class="LinesEllipsis-unit">e</span><span class="LinesEllipsis-unit">r</span><span class="LinesEllipsis-unit"> </span><span class="LinesEllipsis-unit">c</span><span class="LinesEllipsis-unit">a</span><span class="LinesEllipsis-unit">.</span><span class="LinesEllipsis-unit"> </span><span class="LinesEllipsis-unit">1</span><span class="LinesEllipsis-unit">0</span><span class="LinesEllipsis-unit">0</span><span class="LinesEllipsis-unit">g</span></div><div class="LinesEllipsis-canvas " aria-hidden="true" style="box-sizing: border-box; width: 239.5px; font-size: 18px; font-weight: 500; font-family: UnitRoundedOT, Helvetica Neue, Helvetica, Arial, sans-serif; font-style: normal; letter-spacing: normal; text-indent: 0px; white-space: pre-wrap; word-break: normal; overflow-wrap: normal; padding: 0px; position: absolute; bottom: 0px; left: 0px; height: 0px; overflow: hidden; border: medium none;"><span class="LinesEllipsis-unit">K</span><span class="LinesEllipsis-unit">a</span><span class="LinesEllipsis-unit">r</span><span class="LinesEllipsis-unit">o</span><span class="LinesEllipsis-unit">t</span><span class="LinesEllipsis-unit">t</span><span class="LinesEllipsis-unit">e</span><span class="LinesEllipsis-unit">n</span><span class="LinesEllipsis-unit"> </span><span class="LinesEllipsis-unit">1</span><span class="LinesEllipsis-unit">k</span><span class="LinesEllipsis-unit">g</span></div><div class="LinesEllipsis-canvas " aria-hidden="true" style="box-sizing: border-box; width: 239.5px; font-size: 18px; font-weight: 500; font-family: UnitRoundedOT, Helvetica Neue, Helvetica, Arial, sans-serif; font-style: normal; letter-spacing: normal; text-indent: 0px; white-space: pre-wrap; word-break: normal; overflow-wrap: normal; padding: 0px; position: absolute; bottom: 0px; left: 0px; height: 0px; overflow: hidden; border: medium none;"><span class="LinesEllipsis-unit">K</span><span class="LinesEllipsis-unit">a</span><span class="LinesEllipsis-unit">r</span><span class="LinesEllipsis-unit">o</span><span class="LinesEllipsis-unit">t</span><span class="LinesEllipsis-unit">t</span><span class="LinesEllipsis-unit">e</span><span class="LinesEllipsis-unit">n</span><span class="LinesEllipsis-unit"> </span><span class="LinesEllipsis-unit">2</span><span class="LinesEllipsis-unit">k</span><span class="LinesEllipsis-unit">g</span></div><div class="LinesEllipsis-canvas " aria-hidden="true" style="box-sizing: border-box; width: 239.5px; font-size: 18px; font-weight: 500; font-family: UnitRoundedOT, Helvetica Neue, Helvetica, Arial, sans-serif; font-style: normal; letter-spacing: normal; text-indent: 0px; white-space: pre-wrap; word-break: normal; overflow-wrap: normal; padding: 0px; position: absolute; bottom: 0px; left: 0px; height: 0px; overflow: hidden; border: medium none;"><span class="LinesEllipsis-unit">K</span><span class="LinesEllipsis-unit">a</span><span class="LinesEllipsis-unit">r</span><span class="LinesEllipsis-unit">o</span><span class="LinesEllipsis-unit">t</span><span class="LinesEllipsis-unit">t</span><span class="LinesEllipsis-unit">e</span><span class="LinesEllipsis-unit">n</span><span class="LinesEllipsis-unit"> </span><span class="LinesEllipsis-unit">c</span><span class="LinesEllipsis-unit">a</span><span class="LinesEllipsis-unit">.</span><span class="LinesEllipsis-unit"> </span><span class="LinesEllipsis-unit">1</span><span class="LinesEllipsis-unit">0</span><span class="LinesEllipsis-unit">0</span><span class="LinesEllipsis-unit">g</span></div><div class="LinesEllipsis-canvas " aria-hidden="true" style="box-sizing: border-box; width: 239.5px; font-size: 18px; font-weight: 500; font-family: UnitRoundedOT, Helvetica Neue, Helvetica, Arial, sans-serif; font-style: normal; letter-spacing: normal; text-indent: 0px; white-space: pre-wrap; word-break: normal; overflow-wrap: normal; padding: 0px; position: absolute; bottom: 0px; left: 0px; height: 0px; overflow: hidden; border: medium none;"><span class="LinesEllipsis-unit">K</span><span class="LinesEllipsis-unit">a</span><span class="LinesEllipsis-unit">r</span><span class="LinesEllipsis-unit">o</span><span class="LinesEllipsis-unit">t</span><span class="LinesEllipsis-unit">t</span><span class="LinesEllipsis-unit">e</span><span class="LinesEllipsis-unit">n</span><span class="LinesEllipsis-unit"> </span><span class="LinesEllipsis-unit">m</span><span class="LinesEllipsis-unit">i</span><span class="LinesEllipsis-unit">t</span><span class="LinesEllipsis-unit"> </span><span class="LinesEllipsis-unit">G</span><span class="LinesEllipsis-unit">r</span><span class="LinesEllipsis-unit">ü</span><span class="LinesEllipsis-unit">n</span><span class="LinesEllipsis-unit"> </span><span class="LinesEllipsis-unit">i</span><span class="LinesEllipsis-unit">m</span><span class="LinesEllipsis-unit"> </span><span class="LinesEllipsis-unit">B</span><span class="LinesEllipsis-unit">u</span><span class="LinesEllipsis-unit">n</span><span class="LinesEllipsis-unit">d</span></div><div class="LinesEllipsis-canvas " aria-hidden="true" style="box-sizing: border-box; width: 239.5px; font-size: 18px; font-weight: 500; font-family: UnitRoundedOT, Helvetica Neue, Helvetica, Arial, sans-serif; font-style: normal; letter-spacing: normal; text-indent: 0px; white-space: pre-wrap; word-break: normal; overflow-wrap: normal; padding: 0px; position: absolute; bottom: 0px; left: 0px; height: 0px; overflow: hidden; border: medium none;"><span class="LinesEllipsis-unit">K</span><span class="LinesEllipsis-unit">a</span><span class="LinesEllipsis-unit">r</span><span class="LinesEllipsis-unit">t</span><span class="LinesEllipsis-unit">o</span><span class="LinesEllipsis-unit">f</span><span class="LinesEllipsis-unit">f</span><span class="LinesEllipsis-unit">e</span><span class="LinesEllipsis-unit">l</span><span class="LinesEllipsis-unit"> </span><span class="LinesEllipsis-unit">m</span><span class="LinesEllipsis-unit">e</span><span class="LinesEllipsis-unit">h</span><span class="LinesEllipsis-unit">l</span><span class="LinesEllipsis-unit">i</span><span class="LinesEllipsis-unit">g</span><span class="LinesEllipsis-unit">k</span><span class="LinesEllipsis-unit">o</span><span class="LinesEllipsis-unit">c</span><span class="LinesEllipsis-unit">h</span><span class="LinesEllipsis-unit">e</span><span class="LinesEllipsis-unit">n</span><span class="LinesEllipsis-unit">d</span><span class="LinesEllipsis-unit"> </span><span class="LinesEllipsis-unit">2</span><span class="LinesEllipsis-unit">k</span><span class="LinesEllipsis-unit">g</span></div><div class="LinesEllipsis-canvas " aria-hidden="true" style="box-sizing: border-box; width: 239.5px; font-size: 18px; font-weight: 500; font-family: UnitRoundedOT, Helvetica Neue, Helvetica, Arial, sans-serif; font-style: normal; letter-spacing: normal; text-indent: 0px; white-space: pre-wrap; word-break: normal; overflow-wrap: normal; padding: 0px; position: absolute; bottom: 0px; left: 0px; height: 0px; overflow: hidden; border: medium none;"><span class="LinesEllipsis-unit">K</span><span class="LinesEllipsis-unit">a</span><span class="LinesEllipsis-unit">r</span><span class="LinesEllipsis-unit">t</span><span class="LinesEllipsis-unit">o</span><span class="LinesEllipsis-unit">f</span><span class="LinesEllipsis-unit">f</span><span class="LinesEllipsis-unit">e</span><span class="LinesEllipsis-unit">l</span><span class="LinesEllipsis-unit"> </span><span class="LinesEllipsis-unit">v</span><span class="LinesEllipsis-unit">o</span><span class="LinesEllipsis-unit">r</span><span class="LinesEllipsis-unit">w</span><span class="LinesEllipsis-unit">i</span><span class="LinesEllipsis-unit">e</span><span class="LinesEllipsis-unit">g</span><span class="LinesEllipsis-unit">e</span><span class="LinesEllipsis-unit">n</span><span class="LinesEllipsis-unit">d</span><span class="LinesEllipsis-unit"> </span><span class="LinesEllipsis-unit">f</span><span class="LinesEllipsis-unit">e</span><span class="LinesEllipsis-unit">s</span><span class="LinesEllipsis-unit">t</span><span class="LinesEllipsis-unit">k</span><span class="LinesEllipsis-unit">o</span><span class="LinesEllipsis-unit">c</span><span class="LinesEllipsis-unit">h</span><span class="LinesEllipsis-unit">e</span><span class="LinesEllipsis-unit">n</span><span class="LinesEllipsis-unit">d</span><span class="LinesEllipsis-unit"> </span><span class="LinesEllipsis-unit">2</span><span class="LinesEllipsis-unit">k</span><span class="LinesEllipsis-unit">g</span></div><div class="LinesEllipsis-canvas " aria-hidden="true" style="box-sizing: border-box; width: 239.5px; font-size: 18px; font-weight: 500; font-family: UnitRoundedOT, Helvetica Neue, Helvetica, Arial, sans-serif; font-style: normal; letter-spacing: normal; text-indent: 0px; white-space: pre-wrap; word-break: normal; overflow-wrap: normal; padding: 0px; position: absolute; bottom: 0px; left: 0px; height: 0px; overflow: hidden; border: medium none;"><span class="LinesEllipsis-unit">K</span><span class="LinesEllipsis-unit">a</span><span class="LinesEllipsis-unit">r</span><span class="LinesEllipsis-unit">t</span><span class="LinesEllipsis-unit">o</span><span class="LinesEllipsis-unit">f</span><span class="LinesEllipsis-unit">f</span><span class="LinesEllipsis-unit">e</span><span class="LinesEllipsis-unit">l</span><span class="LinesEllipsis-unit">n</span><span class="LinesEllipsis-unit"> </span><span class="LinesEllipsis-unit">f</span><span class="LinesEllipsis-unit">e</span><span class="LinesEllipsis-unit">s</span><span class="LinesEllipsis-unit">t</span><span class="LinesEllipsis-unit">k</span><span class="LinesEllipsis-unit">o</span><span class="LinesEllipsis-unit">c</span><span class="LinesEllipsis-unit">h</span><span class="LinesEllipsis-unit">e</span><span class="LinesEllipsis-unit">n</span><span class="LinesEllipsis-unit">d</span><span class="LinesEllipsis-unit"> </span><span class="LinesEllipsis-unit">2</span><span class="LinesEllipsis-unit">k</span><span class="LinesEllipsis-unit">g</span></div><div class="LinesEllipsis-canvas " aria-hidden="true" style="box-sizing: border-box; width: 239.5px; font-size: 18px; font-weight: 500; font-family: UnitRoundedOT, Helvetica Neue, Helvetica, Arial, sans-serif; font-style: normal; letter-spacing: normal; text-indent: 0px; white-space: pre-wrap; word-break: normal; overflow-wrap: normal; padding: 0px; position: absolute; bottom: 0px; left: 0px; height: 0px; overflow: hidden; border: medium none;"><span class="LinesEllipsis-unit">K</span><span class="LinesEllipsis-unit">i</span><span class="LinesEllipsis-unit">w</span><span class="LinesEllipsis-unit">i</span><span class="LinesEllipsis-unit"> </span><span class="LinesEllipsis-unit">g</span><span class="LinesEllipsis-unit">r</span><span class="LinesEllipsis-unit">ü</span><span class="LinesEllipsis-unit">n</span><span class="LinesEllipsis-unit"> </span><span class="LinesEllipsis-unit">1</span><span class="LinesEllipsis-unit"> </span><span class="LinesEllipsis-unit">S</span><span class="LinesEllipsis-unit">t</span><span class="LinesEllipsis-unit">ü</span><span class="LinesEllipsis-unit">c</span><span class="LinesEllipsis-unit">k</span></div><div class="LinesEllipsis-canvas " aria-hidden="true" style="box-sizing: border-box; width: 239.5px; font-size: 18px; font-weight: 500; font-family: UnitRoundedOT, Helvetica Neue, Helvetica, Arial, sans-serif; font-style: normal; letter-spacing: normal; text-indent: 0px; white-space: pre-wrap; word-break: normal; overflow-wrap: normal; padding: 0px; position: absolute; bottom: 0px; left: 0px; height: 0px; overflow: hidden; border: medium none;"><span class="LinesEllipsis-unit">K</span><span class="LinesEllipsis-unit">n</span><span class="LinesEllipsis-unit">o</span><span class="LinesEllipsis-unit">b</span><span class="LinesEllipsis-unit">l</span><span class="LinesEllipsis-unit">a</span><span class="LinesEllipsis-unit">u</span><span class="LinesEllipsis-unit">c</span><span class="LinesEllipsis-unit">h</span><span class="LinesEllipsis-unit"> </span><span class="LinesEllipsis-unit">2</span><span class="LinesEllipsis-unit">0</span><span class="LinesEllipsis-unit">0</span><span class="LinesEllipsis-unit">g</span><span class="LinesEllipsis-unit"> </span><span class="LinesEllipsis-unit">i</span><span class="LinesEllipsis-unit">m</span><span class="LinesEllipsis-unit"> </span><span class="LinesEllipsis-unit">N</span><span class="LinesEllipsis-unit">e</span><span class="LinesEllipsis-unit">t</span><span class="LinesEllipsis-unit">z</span></div><div class="LinesEllipsis-canvas " aria-hidden="true" style="box-sizing: border-box; width: 239.5px; font-size: 18px; font-weight: 500; font-family: UnitRoundedOT, Helvetica Neue, Helvetica, Arial, sans-serif; font-style: normal; letter-spacing: normal; text-indent: 0px; white-space: pre-wrap; word-break: normal; overflow-wrap: normal; padding: 0px; position: absolute; bottom: 0px; left: 0px; height: 0px; overflow: hidden; border: medium none;"><span class="LinesEllipsis-unit">K</span><span class="LinesEllipsis-unit">o</span><span class="LinesEllipsis-unit">h</span><span class="LinesEllipsis-unit">l</span><span class="LinesEllipsis-unit">r</span><span class="LinesEllipsis-unit">a</span><span class="LinesEllipsis-unit">b</span><span class="LinesEllipsis-unit">i</span><span class="LinesEllipsis-unit"> </span><span class="LinesEllipsis-unit">1</span><span class="LinesEllipsis-unit"> </span><span class="LinesEllipsis-unit">S</span><span class="LinesEllipsis-unit">t</span><span class="LinesEllipsis-unit">ü</span><span class="LinesEllipsis-unit">c</span><span class="LinesEllipsis-unit">k</span></div><div class="LinesEllipsis-canvas " aria-hidden="true" style="box-sizing: border-box; width: 239.5px; font-size: 18px; font-weight: 500; font-family: UnitRoundedOT, Helvetica Neue, Helvetica, Arial, sans-serif; font-style: normal; letter-spacing: normal; text-indent: 0px; white-space: pre-wrap; word-break: normal; overflow-wrap: normal; padding: 0px; position: absolute; bottom: 0px; left: 0px; height: 0px; overflow: hidden; border: medium none;"><span class="LinesEllipsis-unit">L</span><span class="LinesEllipsis-unit">a</span><span class="LinesEllipsis-unit">u</span><span class="LinesEllipsis-unit">c</span><span class="LinesEllipsis-unit">h</span><span class="LinesEllipsis-unit">z</span><span class="LinesEllipsis-unit">w</span><span class="LinesEllipsis-unit">i</span><span class="LinesEllipsis-unit">e</span><span class="LinesEllipsis-unit">b</span><span class="LinesEllipsis-unit">e</span><span class="LinesEllipsis-unit">l</span><span class="LinesEllipsis-unit">n</span><span class="LinesEllipsis-unit"> </span><span class="LinesEllipsis-unit">i</span><span class="LinesEllipsis-unit">m</span><span class="LinesEllipsis-unit"> </span><span class="LinesEllipsis-unit">B</span><span class="LinesEllipsis-unit">u</span><span class="LinesEllipsis-unit">n</span><span class="LinesEllipsis-unit">d</span></div><div class="LinesEllipsis-canvas " aria-hidden="true" style="box-sizing: border-box; width: 239.5px; font-size: 18px; font-weight: 500; font-family: UnitRoundedOT, Helvetica Neue, Helvetica, Arial, sans-serif; font-style: normal; letter-spacing: normal; text-indent: 0px; white-space: pre-wrap; word-break: normal; overflow-wrap: normal; padding: 0px; position: absolute; bottom: 0px; left: 0px; height: 0px; overflow: hidden; border: medium none;"><span class="LinesEllipsis-unit">M</span><span class="LinesEllipsis-unit">a</span><span class="LinesEllipsis-unit">n</span><span class="LinesEllipsis-unit">g</span><span class="LinesEllipsis-unit">o</span><span class="LinesEllipsis-unit"> </span><span class="LinesEllipsis-unit">e</span><span class="LinesEllipsis-unit">s</span><span class="LinesEllipsis-unit">s</span><span class="LinesEllipsis-unit">r</span><span class="LinesEllipsis-unit">e</span><span class="LinesEllipsis-unit">i</span><span class="LinesEllipsis-unit">f</span><span class="LinesEllipsis-unit"> </span><span class="LinesEllipsis-unit">1</span><span class="LinesEllipsis-unit"> </span><span class="LinesEllipsis-unit">S</span><span class="LinesEllipsis-unit">t</span><span class="LinesEllipsis-unit">ü</span><span class="LinesEllipsis-unit">c</span><span class="LinesEllipsis-unit">k</span></div><div class="LinesEllipsis-canvas " aria-hidden="true" style="box-sizing: border-box; width: 239.5px; font-size: 18px; font-weight: 500; font-family: UnitRoundedOT, Helvetica Neue, Helvetica, Arial, sans-serif; font-style: normal; letter-spacing: normal; text-indent: 0px; white-space: pre-wrap; word-break: normal; overflow-wrap: normal; padding: 0px; position: absolute; bottom: 0px; left: 0px; height: 0px; overflow: hidden; border: medium none;"><span class="LinesEllipsis-unit">N</span><span class="LinesEllipsis-unit">a</span><span class="LinesEllipsis-unit">s</span><span class="LinesEllipsis-unit">c</span><span class="LinesEllipsis-unit">h</span><span class="LinesEllipsis-unit">t</span><span class="LinesEllipsis-unit">o</span><span class="LinesEllipsis-unit">m</span><span class="LinesEllipsis-unit">a</span><span class="LinesEllipsis-unit">t</span><span class="LinesEllipsis-unit">e</span><span class="LinesEllipsis-unit">n</span><span class="LinesEllipsis-unit"> </span><span class="LinesEllipsis-unit">4</span><span class="LinesEllipsis-unit">0</span><span class="LinesEllipsis-unit">0</span><span class="LinesEllipsis-unit">g</span><span class="LinesEllipsis-unit"> </span><span class="LinesEllipsis-unit">E</span><span class="LinesEllipsis-unit">i</span><span class="LinesEllipsis-unit">m</span><span class="LinesEllipsis-unit">e</span><span class="LinesEllipsis-unit">r</span></div><div class="LinesEllipsis-canvas " aria-hidden="true" style="box-sizing: border-box; width: 239.5px; font-size: 18px; font-weight: 500; font-family: UnitRoundedOT, Helvetica Neue, Helvetica, Arial, sans-serif; font-style: normal; letter-spacing: normal; text-indent: 0px; white-space: pre-wrap; word-break: normal; overflow-wrap: normal; padding: 0px; position: absolute; bottom: 0px; left: 0px; height: 0px; overflow: hidden; border: medium none;"><span class="LinesEllipsis-unit">O</span><span class="LinesEllipsis-unit">r</span><span class="LinesEllipsis-unit">a</span><span class="LinesEllipsis-unit">n</span><span class="LinesEllipsis-unit">g</span><span class="LinesEllipsis-unit">e</span><span class="LinesEllipsis-unit">n</span><span class="LinesEllipsis-unit"> </span><span class="LinesEllipsis-unit">1</span><span class="LinesEllipsis-unit">,</span><span class="LinesEllipsis-unit">5</span><span class="LinesEllipsis-unit">k</span><span class="LinesEllipsis-unit">g</span><span class="LinesEllipsis-unit"> </span><span class="LinesEllipsis-unit">i</span><span class="LinesEllipsis-unit">m</span><span class="LinesEllipsis-unit"> </span><span class="LinesEllipsis-unit">N</span><span class="LinesEllipsis-unit">e</span><span class="LinesEllipsis-unit">t</span><span class="LinesEllipsis-unit">z</span></div><div class="LinesEllipsis-canvas " aria-hidden="true" style="box-sizing: border-box; width: 239.5px; font-size: 18px; font-weight: 500; font-family: UnitRoundedOT, Helvetica Neue, Helvetica, Arial, sans-serif; font-style: normal; letter-spacing: normal; text-indent: 0px; white-space: pre-wrap; word-break: normal; overflow-wrap: normal; padding: 0px; position: absolute; bottom: 0px; left: 0px; height: 0px; overflow: hidden; border: medium none;"><span class="LinesEllipsis-unit">P</span><span class="LinesEllipsis-unit">a</span><span class="LinesEllipsis-unit">p</span><span class="LinesEllipsis-unit">r</span><span class="LinesEllipsis-unit">i</span><span class="LinesEllipsis-unit">k</span><span class="LinesEllipsis-unit">a</span><span class="LinesEllipsis-unit"> </span><span class="LinesEllipsis-unit">M</span><span class="LinesEllipsis-unit">i</span><span class="LinesEllipsis-unit">x</span><span class="LinesEllipsis-unit"> </span><span class="LinesEllipsis-unit">5</span><span class="LinesEllipsis-unit">0</span><span class="LinesEllipsis-unit">0</span><span class="LinesEllipsis-unit">g</span></div><div class="LinesEllipsis-canvas " aria-hidden="true" style="box-sizing: border-box; width: 239.5px; font-size: 18px; font-weight: 500; font-family: UnitRoundedOT, Helvetica Neue, Helvetica, Arial, sans-serif; font-style: normal; letter-spacing: normal; text-indent: 0px; white-space: pre-wrap; word-break: normal; overflow-wrap: normal; padding: 0px; position: absolute; bottom: 0px; left: 0px; height: 0px; overflow: hidden; border: medium none;"><span class="LinesEllipsis-unit">P</span><span class="LinesEllipsis-unit">a</span><span class="LinesEllipsis-unit">p</span><span class="LinesEllipsis-unit">r</span><span class="LinesEllipsis-unit">i</span><span class="LinesEllipsis-unit">k</span><span class="LinesEllipsis-unit">a</span><span class="LinesEllipsis-unit"> </span><span class="LinesEllipsis-unit">r</span><span class="LinesEllipsis-unit">o</span><span class="LinesEllipsis-unit">t</span><span class="LinesEllipsis-unit"> </span><span class="LinesEllipsis-unit">5</span><span class="LinesEllipsis-unit">0</span><span class="LinesEllipsis-unit">0</span><span class="LinesEllipsis-unit">g</span></div><div class="LinesEllipsis-canvas " aria-hidden="true" style="box-sizing: border-box; width: 239.5px; font-size: 18px; font-weight: 500; font-family: UnitRoundedOT, Helvetica Neue, Helvetica, Arial, sans-serif; font-style: normal; letter-spacing: normal; text-indent: 0px; white-space: pre-wrap; word-break: normal; overflow-wrap: normal; padding: 0px; position: absolute; bottom: 0px; left: 0px; height: 0px; overflow: hidden; border: medium none;"><span class="LinesEllipsis-unit">P</span><span class="LinesEllipsis-unit">a</span><span class="LinesEllipsis-unit">p</span><span class="LinesEllipsis-unit">r</span><span class="LinesEllipsis-unit">i</span><span class="LinesEllipsis-unit">k</span><span class="LinesEllipsis-unit">a</span><span class="LinesEllipsis-unit"> </span><span class="LinesEllipsis-unit">r</span><span class="LinesEllipsis-unit">o</span><span class="LinesEllipsis-unit">t</span><span class="LinesEllipsis-unit"> </span><span class="LinesEllipsis-unit">c</span><span class="LinesEllipsis-unit">a</span><span class="LinesEllipsis-unit">.</span><span class="LinesEllipsis-unit"> </span><span class="LinesEllipsis-unit">2</span><span class="LinesEllipsis-unit">5</span><span class="LinesEllipsis-unit">0</span><span class="LinesEllipsis-unit">g</span></div><div class="LinesEllipsis-canvas " aria-hidden="true" style="box-sizing: border-box; width: 239.5px; font-size: 18px; font-weight: 500; font-family: UnitRoundedOT, Helvetica Neue, Helvetica, Arial, sans-serif; font-style: normal; letter-spacing: normal; text-indent: 0px; white-space: pre-wrap; word-break: normal; overflow-wrap: normal; padding: 0px; position: absolute; bottom: 0px; left: 0px; height: 0px; overflow: hidden; border: medium none;"><span class="LinesEllipsis-unit">P</span><span class="LinesEllipsis-unit">o</span><span class="LinesEllipsis-unit">r</span><span class="LinesEllipsis-unit">r</span><span class="LinesEllipsis-unit">e</span><span class="LinesEllipsis-unit">e</span><span class="LinesEllipsis-unit"> </span><span class="LinesEllipsis-unit">1</span><span class="LinesEllipsis-unit"> </span><span class="LinesEllipsis-unit">S</span><span class="LinesEllipsis-unit">t</span><span class="LinesEllipsis-unit">ü</span><span class="LinesEllipsis-unit">c</span><span class="LinesEllipsis-unit">k</span></div><div class="LinesEllipsis-canvas " aria-hidden="true" style="box-sizing: border-box; width: 239.5px; font-size: 18px; font-weight: 500; font-family: UnitRoundedOT, Helvetica Neue, Helvetica, Arial, sans-serif; font-style: normal; letter-spacing: normal; text-indent: 0px; white-space: pre-wrap; word-break: normal; overflow-wrap: normal; padding: 0px; position: absolute; bottom: 0px; left: 0px; height: 0px; overflow: hidden; border: medium none;"><span class="LinesEllipsis-unit">R</span><span class="LinesEllipsis-unit">E</span><span class="LinesEllipsis-unit">W</span><span class="LinesEllipsis-unit">E</span><span class="LinesEllipsis-unit"> </span><span class="LinesEllipsis-unit">B</span><span class="LinesEllipsis-unit">e</span><span class="LinesEllipsis-unit">s</span><span class="LinesEllipsis-unit">t</span><span class="LinesEllipsis-unit">e</span><span class="LinesEllipsis-unit"> </span><span class="LinesEllipsis-unit">W</span><span class="LinesEllipsis-unit">a</span><span class="LinesEllipsis-unit">h</span><span class="LinesEllipsis-unit">l</span><span class="LinesEllipsis-unit"> </span><span class="LinesEllipsis-unit">B</span><span class="LinesEllipsis-unit">a</span><span class="LinesEllipsis-unit">n</span><span class="LinesEllipsis-unit">a</span><span class="LinesEllipsis-unit">n</span><span class="LinesEllipsis-unit">e</span><span class="LinesEllipsis-unit"> </span><span class="LinesEllipsis-unit">c</span><span class="LinesEllipsis-unit">a</span><span class="LinesEllipsis-unit">.</span><span class="LinesEllipsis-unit"> </span><span class="LinesEllipsis-unit">2</span><span class="LinesEllipsis-unit">0</span><span class="LinesEllipsis-unit">0</span><span class="LinesEllipsis-unit">g</span></div><div class="LinesEllipsis-canvas " aria-hidden="true" style="box-sizing: border-box; width: 239.5px; font-size: 18px; font-weight: 500; font-family: UnitRoundedOT, Helvetica Neue, Helvetica, Arial, sans-serif; font-style: normal; letter-spacing: normal; text-indent: 0px; white-space: pre-wrap; word-break: normal; overflow-wrap: normal; padding: 0px; position: absolute; bottom: 0px; left: 0px; height: 0px; overflow: hidden; border: medium none;"><span class="LinesEllipsis-unit">R</span><span class="LinesEllipsis-unit">E</span><span class="LinesEllipsis-unit">W</span><span class="LinesEllipsis-unit">E</span><span class="LinesEllipsis-unit"> </span><span class="LinesEllipsis-unit">B</span><span class="LinesEllipsis-unit">e</span><span class="LinesEllipsis-unit">s</span><span class="LinesEllipsis-unit">t</span><span class="LinesEllipsis-unit">e</span><span class="LinesEllipsis-unit"> </span><span class="LinesEllipsis-unit">W</span><span class="LinesEllipsis-unit">a</span><span class="LinesEllipsis-unit">h</span><span class="LinesEllipsis-unit">l</span><span class="LinesEllipsis-unit"> </span><span class="LinesEllipsis-unit">C</span><span class="LinesEllipsis-unit">h</span><span class="LinesEllipsis-unit">a</span><span class="LinesEllipsis-unit">m</span><span class="LinesEllipsis-unit">p</span><span class="LinesEllipsis-unit">i</span><span class="LinesEllipsis-unit">g</span><span class="LinesEllipsis-unit">n</span><span class="LinesEllipsis-unit">o</span><span class="LinesEllipsis-unit">n</span><span class="LinesEllipsis-unit">s</span><span class="LinesEllipsis-unit"> </span><span class="LinesEllipsis-unit">b</span><span class="LinesEllipsis-unit">r</span><span class="LinesEllipsis-unit">a</span><span class="LinesEllipsis-unit">u</span><span class="LinesEllipsis-unit">n</span><span class="LinesEllipsis-unit"> </span><span class="LinesEllipsis-unit">2</span><span class="LinesEllipsis-unit">5</span><span class="LinesEllipsis-unit">0</span><span class="LinesEllipsis-unit">g</span></div><div class="LinesEllipsis-canvas " aria-hidden="true" style="box-sizing: border-box; width: 239.5px; font-size: 18px; font-weight: 500; font-family: UnitRoundedOT, Helvetica Neue, Helvetica, Arial, sans-serif; font-style: normal; letter-spacing: normal; text-indent: 0px; white-space: pre-wrap; word-break: normal; overflow-wrap: normal; padding: 0px; position: absolute; bottom: 0px; left: 0px; height: 0px; overflow: hidden; border: medium none;"><span class="LinesEllipsis-unit">R</span><span class="LinesEllipsis-unit">E</span><span class="LinesEllipsis-unit">W</span><span class="LinesEllipsis-unit">E</span><span class="LinesEllipsis-unit"> </span><span class="LinesEllipsis-unit">B</span><span class="LinesEllipsis-unit">e</span><span class="LinesEllipsis-unit">s</span><span class="LinesEllipsis-unit">t</span><span class="LinesEllipsis-unit">e</span><span class="LinesEllipsis-unit"> </span><span class="LinesEllipsis-unit">W</span><span class="LinesEllipsis-unit">a</span><span class="LinesEllipsis-unit">h</span><span class="LinesEllipsis-unit">l</span><span class="LinesEllipsis-unit"> </span><span class="LinesEllipsis-unit">C</span><span class="LinesEllipsis-unit">h</span><span class="LinesEllipsis-unit">a</span><span class="LinesEllipsis-unit">m</span><span class="LinesEllipsis-unit">p</span><span class="LinesEllipsis-unit">i</span><span class="LinesEllipsis-unit">g</span><span class="LinesEllipsis-unit">n</span><span class="LinesEllipsis-unit">o</span><span class="LinesEllipsis-unit">n</span><span class="LinesEllipsis-unit">s</span><span class="LinesEllipsis-unit"> </span><span class="LinesEllipsis-unit">w</span><span class="LinesEllipsis-unit">e</span><span class="LinesEllipsis-unit">i</span><span class="LinesEllipsis-unit">ß</span><span class="LinesEllipsis-unit"> </span><span class="LinesEllipsis-unit">2</span><span class="LinesEllipsis-unit">5</span><span class="LinesEllipsis-unit">0</span><span class="LinesEllipsis-unit">g</span></div><div class="LinesEllipsis-canvas " aria-hidden="true" style="box-sizing: border-box; width: 239.5px; font-size: 18px; font-weight: 500; font-family: UnitRoundedOT, Helvetica Neue, Helvetica, Arial, sans-serif; font-style: normal; letter-spacing: normal; text-indent: 0px; white-space: pre-wrap; word-break: normal; overflow-wrap: normal; padding: 0px; position: absolute; bottom: 0px; left: 0px; height: 0px; overflow: hidden; border: medium none;"><span class="LinesEllipsis-unit">R</span><span class="LinesEllipsis-unit">E</span><span class="LinesEllipsis-unit">W</span><span class="LinesEllipsis-unit">E</span><span class="LinesEllipsis-unit"> </span><span class="LinesEllipsis-unit">B</span><span class="LinesEllipsis-unit">e</span><span class="LinesEllipsis-unit">s</span><span class="LinesEllipsis-unit">t</span><span class="LinesEllipsis-unit">e</span><span class="LinesEllipsis-unit"> </span><span class="LinesEllipsis-unit">W</span><span class="LinesEllipsis-unit">a</span><span class="LinesEllipsis-unit">h</span><span class="LinesEllipsis-unit">l</span><span class="LinesEllipsis-unit"> </span><span class="LinesEllipsis-unit">C</span><span class="LinesEllipsis-unit">l</span><span class="LinesEllipsis-unit">e</span><span class="LinesEllipsis-unit">m</span><span class="LinesEllipsis-unit">e</span><span class="LinesEllipsis-unit">n</span><span class="LinesEllipsis-unit">t</span><span class="LinesEllipsis-unit">i</span><span class="LinesEllipsis-unit">n</span><span class="LinesEllipsis-unit">e</span><span class="LinesEllipsis-unit">n</span><span class="LinesEllipsis-unit"> </span><span class="LinesEllipsis-unit">7</span><span class="LinesEllipsis-unit">5</span><span class="LinesEllipsis-unit">0</span><span class="LinesEllipsis-unit">g</span><span class="LinesEllipsis-unit"> </span><span class="LinesEllipsis-unit">i</span><span class="LinesEllipsis-unit">m</span><span class="LinesEllipsis-unit"> </span><span class="LinesEllipsis-unit">N</span><span class="LinesEllipsis-unit">e</span><span class="LinesEllipsis-unit">t</span><span class="LinesEllipsis-unit">z</span></div><div class="LinesEllipsis-canvas " aria-hidden="true" style="box-sizing: border-box; width: 239.5px; font-size: 18px; font-weight: 500; font-family: UnitRoundedOT, Helvetica Neue, Helvetica, Arial, sans-serif; font-style: normal; letter-spacing: normal; text-indent: 0px; white-space: pre-wrap; word-break: normal; overflow-wrap: normal; padding: 0px; position: absolute; bottom: 0px; left: 0px; height: 0px; overflow: hidden; border: medium none;"><span class="LinesEllipsis-unit">R</span><span class="LinesEllipsis-unit">E</span><span class="LinesEllipsis-unit">W</span><span class="LinesEllipsis-unit">E</span><span class="LinesEllipsis-unit"> </span><span class="LinesEllipsis-unit">B</span><span class="LinesEllipsis-unit">e</span><span class="LinesEllipsis-unit">s</span><span class="LinesEllipsis-unit">t</span><span class="LinesEllipsis-unit">e</span><span class="LinesEllipsis-unit"> </span><span class="LinesEllipsis-unit">W</span><span class="LinesEllipsis-unit">a</span><span class="LinesEllipsis-unit">h</span><span class="LinesEllipsis-unit">l</span><span class="LinesEllipsis-unit"> </span><span class="LinesEllipsis-unit">R</span><span class="LinesEllipsis-unit">i</span><span class="LinesEllipsis-unit">s</span><span class="LinesEllipsis-unit">p</span><span class="LinesEllipsis-unit">e</span><span class="LinesEllipsis-unit">n</span><span class="LinesEllipsis-unit">t</span><span class="LinesEllipsis-unit">o</span><span class="LinesEllipsis-unit">m</span><span class="LinesEllipsis-unit">a</span><span class="LinesEllipsis-unit">t</span><span class="LinesEllipsis-unit">e</span><span class="LinesEllipsis-unit">n</span><span class="LinesEllipsis-unit"> </span><span class="LinesEllipsis-unit">6</span><span class="LinesEllipsis-unit">5</span><span class="LinesEllipsis-unit">0</span><span class="LinesEllipsis-unit">g</span></div><next-route-announcer><p aria-live="assertive" id="__next-route-announcer__" role="alert" style="border: 0px none; clip: rect(0px, 0px, 0px, 0px); height: 1px; margin: -1px; overflow: hidden; padding: 0px; position: absolute; width: 1px; white-space: nowrap; overflow-wrap: normal;"></p></next-route-announcer><div id="tss-timeslots-popup"><div id="header-lightbox__overlay" class="tss-lightbox-overlay tss-lightbox-overlay--hidden"></div><div id="header-lightbox-wrapper" class="tss-lightbox-wrapper tss-lightbox-wrapper--hidden"><div id="header-lightbox" class="tss-lightbox"><div class="tss-lightbox__loader"><div class="tss-loading-spinner"><div class="tss-loading-spinner__svg"><svg xmlns="http://www.w3.org/2000/svg" viewBox="-237 396.9 79.8 21.3" class="tss-loading-spinner__logo">
<path d="M-181.8 409l2-10.5c.2-1.2.7-1.6 2.1-1.6h1.9c1 0 1.6.4 1.6 1.3 0 .2 0 .4-.1.7l-4.2 17.6c-.3 1.2-.6 1.7-2.1 1.7h-2.3c-1.3 0-1.7-.5-2-1.6l-2.7-11.5h-.1l-2.7 11.5c-.3 1.2-.6 1.6-1.9 1.6h-2.3c-1.5 0-1.9-.5-2.1-1.6l-4.2-17.6c-.1-.3-.1-.5-.1-.7 0-.9.6-1.3 1.6-1.3h2.3c1.4 0 1.9.4 2.1 1.6l1.9 10.5h.1l2.4-10.5c.3-1.2.8-1.6 2.1-1.6h2.2c1.3 0 1.8.4 2.1 1.6l2.4 10.4zm-53.5 9.2c-1.2 0-1.7-.5-1.7-1.6v-18c0-1.2.5-1.7 1.7-1.7h6.1c6.6 0 9.1 2.5 9.1 6.7 0 2.6-1.4 4.7-4.5 5.8l4.9 6.7c.3.4.4.7.4 1 0 .7-.8 1-1.7 1h-3.6c-1.1 0-1.5-.4-2.2-1.6l-4-6.4h-.1v6.4c0 1.2-.5 1.6-1.7 1.6 0 .1-2.7.1-2.7.1zm64.7 0c-1.2 0-1.6-.4-1.6-1.6v-18.1c0-1.2.4-1.6 1.6-1.6h10.8c1.2 0 1.6.4 1.6 1.6v1.5c0 1.1-.4 1.6-1.6 1.6h-6.2v3.5h5.3c1.2 0 1.6.4 1.6 1.6v1.4c0 1.2-.4 1.6-1.6 1.6h-5.3v3.6h7.1c1.2 0 1.7.4 1.7 1.6v1.5c0 1.2-.4 1.6-1.7 1.6l-11.7.2zm-44.6 0c-1.2 0-1.7-.5-1.7-1.6v-18c0-1.2.5-1.7 1.7-1.7h10.7c1.2 0 1.7.5 1.7 1.7v1.4c0 1.1-.5 1.6-1.7 1.6h-6.2v3.5h5.2c1.2 0 1.7.5 1.7 1.7v1.3c0 1.2-.5 1.7-1.7 1.7h-5.2v3.6h7.1c1.2 0 1.7.5 1.7 1.7v1.4c0 1.2-.5 1.6-1.7 1.6l-11.6.1zm-14-11.7c1.9 0 2.6-.8 2.6-2.5s-.8-2.5-2.6-2.5h-1.7v4.9c0 .1 1.7.1 1.7.1z" class="st0"></path>
</svg></div><div class="tss-fading-dots"><span class="tss-fading-dots__dot--1 tss-fading-dots__dot"></span><span class="tss-fading-dots__dot--2 tss-fading-dots__dot"></span><span class="tss-fading-dots__dot--3 tss-fading-dots__dot"></span><span class="tss-fading-dots__dot--4 tss-fading-dots__dot"></span><span class="tss-fading-dots__dot--5 tss-fading-dots__dot"></span><span class="tss-fading-dots__dot--6 tss-fading-dots__dot"></span><span class="tss-fading-dots__dot--7 tss-fading-dots__dot"></span><span class="tss-fading-dots__dot--8 tss-fading-dots__dot"></span><span class="tss-fading-dots__dot--9 tss-fading-dots__dot"></span><span class="tss-fading-dots__dot--10 tss-fading-dots__dot"></span><span class="tss-fading-dots__dot--11 tss-fading-dots__dot"></span><span class="tss-fading-dots__dot--12 tss-fading-dots__dot"></span><span class="tss-fading-dots__dot--13 tss-fading-dots__dot"></span><span class="tss-fading-dots__dot--14 tss-fading-dots__dot"></span><span class="tss-fading-dots__dot--15 tss-fading-dots__dot"></span><span class="tss-fading-dots__dot--16 tss-fading-dots__dot"></span><span class="tss-fading-dots__dot--17 tss-fading-dots__dot"></span><span class="tss-fading-dots__dot--18 tss-fading-dots__dot"></span></div></div></div><div class="tss-timeslots-popup-wrapper tss-lightbox--hidden"><div class="tss-timeslots-popup-heading-wrapper"><span class="tss-timeslots-popup-heading">Verfügbare Abholtermine</span></div><div class="tss-lightbox__content"></div><div class="tss-timeslots-popup-close-btn-wrapper"><button class="tss-close-btn ripplebright rippledark">Schließen</button></div></div></div></div></div><div class="tss-login-register-redirect"></div><div id="newsletter-registration-modal"></div><div id="cboxOverlay" style="display: none;"></div><div id="colorbox" class="" role="dialog" tabindex="-1" style="display: none;"><div id="cboxWrapper"><div><div id="cboxTopLeft" style="float: left;"></div><div id="cboxTopCenter" style="float: left;"></div><div id="cboxTopRight" style="float: left;"></div></div><div style="clear: left;"><div id="cboxMiddleLeft" style="float: left;"></div><div id="cboxContent" style="float: left;"><div id="cboxTitle" style="float: left;"></div><div id="cboxCurrent" style="float: left;"></div><button type="button" id="cboxPrevious"></button><button type="button" id="cboxNext"></button><button type="button" id="cboxSlideshow"></button><div id="cboxLoadingOverlay" style="float: left;"></div><div id="cboxLoadingGraphic" style="float: left;"></div></div><div id="cboxMiddleRight" style="float: left;"></div></div><div style="clear: left;"><div id="cboxBottomLeft" style="float: left;"></div><div id="cboxBottomCenter" style="float: left;"></div><div id="cboxBottomRight" style="float: left;"></div></div></div><div style="position: absolute; width: 9999px; visibility: hidden; display: none; max-width: none;"></div></div><div class="lrms-loginDialogContainer"></div><script>_satellite["_runScript1"](function(event, target, Promise) {
_satellite.fctGetObjPath = function (obj, path, defVal) {
	if (typeof obj !== "object" || obj === null || typeof path !== "object" || path === null || typeof path.length !== "number" || path.length < 1) {
		return defVal;
	}
	var tmp = obj;
	for (var i = 0; i < path.length; i++) {
		if (typeof tmp !== "object" || tmp === null) {
			return defVal;
		}
		if (typeof path[i] === "string" || (typeof path[i] === "number" && path[i] >= 0)) {
			if (typeof tmp[path[i]] !== "undefined") {
				tmp = tmp[path[i]]
			} else {
				return defVal;
			}
		} else {
			return defVal;
		}
	}
	return tmp;
}

_satellite.fctSetObjPath = function (obj, path, value) {
	if (typeof obj !== "object" || obj === null || typeof path !== "object" || path === null || typeof path.length !== "number" || path.length < 1) {
		return false;
	}
	var tmp = obj;
	var prop = "";
	for (var i = 0; i < path.length - 1; i++) {
		prop = path[i];
		if (typeof tmp !== "object" || tmp === null || (typeof prop !== "string" && typeof prop !== "number")) {
			//current tmp ist not an object => cannot set any prop
			//prop is not valid
			return false;
		}

		if (typeof tmp[prop] === "undefined") {
			//current prop does not exists
			if (typeof prop !== "number") {
				tmp[prop] = (typeof path[i + 1] === "number") ? [] : {};
			} else {
				if (typeof tmp.length !== "number") {
					//tmp is not an array
					return false;
				}
				if (prop < 0) {
					tmp.unshift((typeof path[i + 1] === "number") ? [] : {});
					//adjust path
					prop = 0;
				} else {
					tmp.push((typeof path[i + 1] === "number") ? [] : {});
					//adjust path
					prop = tmp.length - 1;
				}
			}
		}
		tmp = tmp[prop];
	}
	prop = path[path.length - 1];
	if (typeof tmp !== "object" || tmp === null || (typeof prop !== "string" && typeof prop !== "number")) {
		//current tmp ist not an object => cannot set any prop
		//prop is not valid
		return false;
	}
	if (typeof prop === "number" && typeof tmp[prop] === "undefined") {
		if (typeof tmp.length !== "number") {
			//tmp is not an array
			return false;
		}
		if (prop < 0) {
			tmp.unshift(value);
		} else {
			tmp.push(value);
		}
		return true;
	}
	tmp[prop] = value;
	return true;
}


_satellite.fctMergeObj = function (retObj, overrideObj) {
	function recusiveSetValues(retObj, value, path) {
		if (/number|string|boolean/i.test(typeof value)) {
			_satellite.fctSetObjPath(retObj, path, value);
			return;
		}
		if (typeof value === "object" && value !== null) {
			var keys;
			var tmp;
			if (typeof value.length === "number") {
				if (value.length < 1) {
					_satellite.fctSetObjPath(retObj, path, []);
					return;
				}
				for (var i = 0; i < value.length; i++) {
					path.push(i);
					tmp = value[i];
					recusiveSetValues(retObj, tmp, path);
					path.pop();
				}
			} else {
				keys = Object.keys(value);
				tmp = value;
				for (var i = 0; i < keys.length; i++) {
					path.push(keys[i]);
					tmp = value[keys[i]];
					recusiveSetValues(retObj, tmp, path);
					path.pop();
				}
			}
		}
	}

	if (typeof retObj !== "object" || retObj === null || typeof overrideObj !== "object" || overrideObj === null) {
		return undefined;
	}

	recusiveSetValues(retObj, overrideObj, [])
}
});</script><script>_satellite["_runScript2"](function(event, target, Promise) {
//auf www.rewe.de Array.push ist undefined
if (typeof Array.push !== "function") {
	Array.push = function (a, b) {
		a[a.length] = b;
	}
}
if (typeof _satellite.eventDrivenPageDataLayer !== "object" || _satellite.eventDrivenPageDataLayer === null) {
	_satellite.eventDrivenPageDataLayer = [];
	_satellite.eventDrivenPageDataLayerState = {};
	_satellite.eventDrivenPageDataLayer.push = function (data) {
		Array.push(_satellite.eventDrivenPageDataLayer, data);
		_satellite.eventDrivenPageDataLayerState = Object.assign(_satellite.eventDrivenPageDataLayerState, data);
	};
}

var fctValueAtr = _satellite.getVar("fct_valueAtr");
var dataPush = {};
var payload = fctValueAtr(event, 'detail', "");
if(typeof payload === "string") {
  var tmp={};
  tmp[payload] = "stringpayload";
  payload = tmp;
}
var trigger = (fctValueAtr(event, 'identifier', "") || "");
if (typeof trigger !== "string" || trigger === "") {
	trigger = (fctValueAtr(fctValueAtr(event, 'nativeEvent', ""), 'type', "") || "");
	if (typeof trigger === "string" && trigger !== "" && /.+/.test(trigger)) {
		trigger = "CE-" + trigger;
		//CE-DOMContentLoaded
        if (/CE-DOMContentLoaded/i.test(trigger)) {
			payload = window.pageData;
		}
	} else {
		trigger = (fctValueAtr(event, '$type', "") || "");
		if (/core.dom-ready|core.window-Loaded|core.library-loaded|core.page-bottom/i.test(trigger)) {
			payload = window.pageData;
		}
	}
}
dataPush.uniqueEventId = parseInt(Math.random() * 1000 % 1000);
dataPush.adobeEvent = trigger;
dataPush = Object.assign(dataPush, payload);
_satellite.eventDrivenPageDataLayer.push(dataPush);
});</script><script type="application/javascript" src="https://app.usercentrics.eu/latest/main.js" id="WM73WUV6t"></script><script>_satellite["_runScript3"](function(event, target, Promise) {
//auf www.rewe.de Array.push ist undefined
if (typeof Array.push !== "function") {
	Array.push = function (a, b) {
		a[a.length] = b;
	}
}
if (typeof _satellite.eventDrivenPageDataLayer !== "object" || _satellite.eventDrivenPageDataLayer === null) {
	_satellite.eventDrivenPageDataLayer = [];
	_satellite.eventDrivenPageDataLayerState = {};
	_satellite.eventDrivenPageDataLayer.push = function (data) {
		Array.push(_satellite.eventDrivenPageDataLayer, data);
		_satellite.eventDrivenPageDataLayerState = Object.assign(_satellite.eventDrivenPageDataLayerState, data);
	};
}

var fctValueAtr = _satellite.getVar("fct_valueAtr");
var dataPush = {};
var payload = fctValueAtr(event, 'detail', "");
if(typeof payload === "string") {
  var tmp={};
  tmp[payload] = "stringpayload";
  payload = tmp;
}
var trigger = (fctValueAtr(event, 'identifier', "") || "");
if (typeof trigger !== "string" || trigger === "") {
	trigger = (fctValueAtr(fctValueAtr(event, 'nativeEvent', ""), 'type', "") || "");
	if (typeof trigger === "string" && trigger !== "" && /.+/.test(trigger)) {
		trigger = "CE-" + trigger;
		//CE-DOMContentLoaded
        if (/CE-DOMContentLoaded/i.test(trigger)) {
			payload = window.pageData;
		}
	} else {
		trigger = (fctValueAtr(event, '$type', "") || "");
		if (/core.dom-ready|core.window-Loaded|core.library-loaded|core.page-bottom/i.test(trigger)) {
			payload = window.pageData;
		}
	}
}
dataPush.uniqueEventId = parseInt(Math.random() * 1000 % 1000);
dataPush.adobeEvent = trigger;
dataPush = Object.assign(dataPush, payload);
_satellite.eventDrivenPageDataLayer.push(dataPush);
});</script><script>_satellite["_runScript4"](function(event, target, Promise) {
//auf www.rewe.de Array.push ist undefined
if (typeof Array.push !== "function") {
	Array.push = function (a, b) {
		a[a.length] = b;
	}
}
if (typeof _satellite.eventDrivenPageDataLayer !== "object" || _satellite.eventDrivenPageDataLayer === null) {
	_satellite.eventDrivenPageDataLayer = [];
	_satellite.eventDrivenPageDataLayerState = {};
	_satellite.eventDrivenPageDataLayer.push = function (data) {
		Array.push(_satellite.eventDrivenPageDataLayer, data);
		_satellite.eventDrivenPageDataLayerState = Object.assign(_satellite.eventDrivenPageDataLayerState, data);
	};
}

var fctValueAtr = _satellite.getVar("fct_valueAtr");
var dataPush = {};
var payload = fctValueAtr(event, 'detail', "");
if(typeof payload === "string") {
  var tmp={};
  tmp[payload] = "stringpayload";
  payload = tmp;
}
var trigger = (fctValueAtr(event, 'identifier', "") || "");
if (typeof trigger !== "string" || trigger === "") {
	trigger = (fctValueAtr(fctValueAtr(event, 'nativeEvent', ""), 'type', "") || "");
	if (typeof trigger === "string" && trigger !== "" && /.+/.test(trigger)) {
		trigger = "CE-" + trigger;
		//CE-DOMContentLoaded
        if (/CE-DOMContentLoaded/i.test(trigger)) {
			payload = window.pageData;
		}
	} else {
		trigger = (fctValueAtr(event, '$type', "") || "");
		if (/core.dom-ready|core.window-Loaded|core.library-loaded|core.page-bottom/i.test(trigger)) {
			payload = window.pageData;
		}
	}
}
dataPush.uniqueEventId = parseInt(Math.random() * 1000 % 1000);
dataPush.adobeEvent = trigger;
dataPush = Object.assign(dataPush, payload);
_satellite.eventDrivenPageDataLayer.push(dataPush);
});</script><script>_satellite["_runScript5"](function(event, target, Promise) {
//auf www.rewe.de Array.push ist undefined
if (typeof Array.push !== "function") {
	Array.push = function (a, b) {
		a[a.length] = b;
	}
}
if (typeof _satellite.eventDrivenPageDataLayer !== "object" || _satellite.eventDrivenPageDataLayer === null) {
	_satellite.eventDrivenPageDataLayer = [];
	_satellite.eventDrivenPageDataLayerState = {};
	_satellite.eventDrivenPageDataLayer.push = function (data) {
		Array.push(_satellite.eventDrivenPageDataLayer, data);
		_satellite.eventDrivenPageDataLayerState = Object.assign(_satellite.eventDrivenPageDataLayerState, data);
	};
}

var fctValueAtr = _satellite.getVar("fct_valueAtr");
var dataPush = {};
var payload = fctValueAtr(event, 'detail', "");
if(typeof payload === "string") {
  var tmp={};
  tmp[payload] = "stringpayload";
  payload = tmp;
}
var trigger = (fctValueAtr(event, 'identifier', "") || "");
if (typeof trigger !== "string" || trigger === "") {
	trigger = (fctValueAtr(fctValueAtr(event, 'nativeEvent', ""), 'type', "") || "");
	if (typeof trigger === "string" && trigger !== "" && /.+/.test(trigger)) {
		trigger = "CE-" + trigger;
		//CE-DOMContentLoaded
        if (/CE-DOMContentLoaded/i.test(trigger)) {
			payload = window.pageData;
		}
	} else {
		trigger = (fctValueAtr(event, '$type', "") || "");
		if (/core.dom-ready|core.window-Loaded|core.library-loaded|core.page-bottom/i.test(trigger)) {
			payload = window.pageData;
		}
	}
}
dataPush.uniqueEventId = parseInt(Math.random() * 1000 % 1000);
dataPush.adobeEvent = trigger;
dataPush = Object.assign(dataPush, payload);
_satellite.eventDrivenPageDataLayer.push(dataPush);
});</script></body></html>
